@article{UFResonatorReview2018,
  year = {2018},
  journal = {Cell Biochem. Biophys.},
  title = {Uniform Field Resonators for {EPR} Spectroscopy: A Review},
  author = {James S. Hyde and Jason W. Sidabras and Richard R. Mett},
  pages= {1--12},
  volume = {76},
  number = {1-2}
}

@article{UFLGR2017,
  pages = { 129--135 },
  volume = { 282 },
  year = { 2017 },
  journal = { J. Magn. Reson. },
  title = {Uniform Field Loop-Gap Resonator and Rectangular {TE}$_{\text{{U}02}}$ for Aqueous Sample {EPR} at 94~{GHz}},
  author = { Jason W. Sidabras and Tadeuz Sarna and Richard R. Mett and James S. Hyde },
}

@article{SidabrasReEnt2017,
  year = {2017},
  journal = {Appl. Magn. Reson.},
  title = {Uniform Field Re-entrant Cylindrical {TE}$_{\text{01{U}}}$ Cavity for Pulse Electron Paramagnetic Resonance Spectroscopy at {Q}-band},
  author = {Jason W. Sidabras and Edward J. Reijerse and Wolfgang Lubitz},
  volume="48",
  number="11",
  pages="1301--1314",
}

@article{SidabrasMicroHelix2019,
  year = {2019},
  journal = {Nature Methods},
  title = {Improving Electron Paramagnetic Resonance Sensitivity for nano-Liter Volume Single-Crystals using a Self-Resonant Micro-Helix.},
  author = {Jason W. Sidabras and Rana Hussein and Athina Zouni and Jifu Duan and Martin Winkler and Thomas Happe and Dieter Suter and Alexander Schnegg and Wolfgang Lubitz and Edward J. Reijerse},
  volume="99",
  number="11",
  pages="1301--1314",
}