@Article{HydeUFRev2019,
author="Hyde, James S.
and Sidabras, Jason W.
and Mett, Richard R.",
title="Uniform Field Resonators for {EPR} Spectroscopy: {A} Review",
journal="Cell Biochemistry and Biophysics",
year="2019",
month="Mar",
day="01",
volume="77",
number="1",
pages="3--14",
}

@article{DOLL201418,
title={Fourier-transform Electron Spin Resonance with Bandwidth-compensated Chirp Pulses},
journal="J. Magn. Reson.",
volume="246",
pages="18--26",
year="2014",
author="Andrin Doll and Gunnar Jeschke",
}

@article{WILI201826,
title="Chirp echo {F}ourier Transform {EPR}-detected {NMR}",
journal="J. Magn. Reson.",
volume="289",
pages="26--34",
year="2018",
issn="1090-7807",
author="Nino Wili and Gunnar Jeschke",
}

@Article{C7CP01488K,
author="Breitgoff, Frauke D. and Soetbeer, Janne and Doll, Andrin and Jeschke, Gunnar and Polyhach, Yevhen O.",
title={Artefact Suppression in 5-pulse Double Electron Electron Resonance for Distance Distribution Measurements},
journal="Phys. Chem. Chem. Phys.",
year="2017",
volume="19",
issue="24",
pages="15766--15779",
}

@Article{C6CP03067J,
author="Doll, Andrin and Jeschke, Gunnar",
title={{EPR}-correlated Dipolar Spectroscopy by {Q}-band Chirp SIFTER},
journal="Phys. Chem. Chem. Phys.",
year="2016",
volume="18",
issue="33",
pages="23111--23120",
}

@article{BREITGOFF2019106560,
title={{UWB} {DEER} and {RIDME} Distance Measurements in {Cu}({II})–{Cu}({II}) Spin Pairs},
journal="J. Magn. Reson.",
volume="308",
pages="106560",
year="2019",
author="Frauke D. Breitgoff and Katharina Keller and Mian Qi and Daniel Klose and Maxim Yulikov and Adelheid Godt and Gunnar Jeschke"
}

@Article{C8CP01276H,
author="Meyer, Andreas and Jassoy, Jean Jacques and Spicher, Sebastian and Berndhäuser, Andreas and Schiemann, Olav",
title={Performance of {PELDOR}, {RIDME}, {SIFTER}, and {DQC} in Measuring Distances in Trityl Based Bi- and Triradicals: Exchange Coupling, Pseudosecular Coupling and Multi-spin Effects},
journal="Phys. Chem. Chem. Phys.",
year="2018",
volume="20",
issue="20",
pages="13858--13869",
}

@article{MILIKISYANTS200948,
title={A Pulsed {EPR} Method to Determine Distances Between Paramagnetic Centers with Strong Spectral Anisotropy and Radicals: {T}he Dead-time Free {RIDME} Sequence},
journal="J. Magn. Reson.",
volume="201",
number="1",
pages="48--56",
year="2009",
author="Sergey Milikisyants and Francesco Scarpelli and Michelina G. Finiguerra and Marcellus Ubbink and Martina Huber",
}

@Article{Tschaggelar2017,
author="Tschaggelar, Rene
and Breitgoff, Frauke D.
and Oberh{\"a}nsli, Oliver
and Qi, Mian
and Godt, Adelheid
and Jeschke, Gunnar",
title={High-Bandwidth {Q}-Band {EPR} Resonators},
journal="Appl. Magn. Reson.",
year="2017",
month="Dec",
day="01",
volume="48",
number="11",
pages="1273--1300",
}

@article{JESCHKE200591,
title="{EPR} Techniques for Studying Radical Enzymes",
journal="Biochim. Biophys. Acta. - Bioenerg.",
volume="1707",
number="1",
pages="91--102",
year="2005",
author="G. Jeschke",
}

@book{weil2007electron,
  title={Electron Paramagnetic Resonance: {E}lementary Theory and Practical Applications},
  author={Weil, J.A. and Bolton, J.R.},
  isbn={9780470084977},
  year={2007},
  publisher={Wiley}
}

@book{grinbergVHF,
  title={Very High Frequency ({VHF}) {ESR/EPR}},
  author={Grinberg, O. and Berliner, L.},
  isbn={9780306483165},
  lccn={2003064138},
  series={Biological Magnetic Resonance},
  year={2004},
  publisher={Springer US}
}

@article{NEHRKORN201710,
title={Recent Progress in Synchrotron-based Frequency-domain Fourier-transform {THz-EPR}},
author="Joscha Nehrkorn and Karsten Holldack and Robert Bittl and Alexander Schnegg",
journal="J. Magn. Reson.",
volume="280",
pages="10--19",
year="2017",
issn="1090-7807",
}

@Inbook{Harmer2009,
author="Harmer, Jeffrey
and Mitrikas, George
and Schweiger, Arthur",
editor="Berliner, Lawrence
and Hanson, Graeme ",
title={Advanced Pulse {EPR} Methods for The Characterization of Metalloproteins},
bookTitle={High Resolution {EPR}: {A}pplications to Metalloenzymes and Metals in Medicine},
year="2009",
publisher="Springer New York",
pages="13--61",
}

@Article{NiFe1996,
  author={Ch. Ge{\ss}ner and O. Trofanchuk and K. Kawagoe and Y. Higuchi and N. Yasuoka and W. Lubitz},
  title={Single crystal {EPR} Study of the {Ni} Center of {NiFe} Hydrogenase},
  journal={Chem. Phys. Lett.},
  year={1996},
  volume={256},
  number={4},
  pages={518--524},
 }

@Article{NiFe2000,
  author={Trofanchuk, O. and Stein, M. and Ge{\ss}ner, Ch. and Lendzian, F. and Higuchi, Y. and Lubitz, W.},
  title={Single crystal {EPR} Studies of the Oxidized Active Site of {[NiFe]} Hydrogenase from {D}esulfovibrio vulgaris {M}iyazaki {F}},
  journal={J. Biol. Inorg. Chem.},
  year={2000},
  volume={5},
  number={1},
  pages={36--44},
  month={Feb},
  day={01},
}

@Article{NiFe2003,
  author={Foerster, Stefanie and Stein, Matthias and Brecht, Marc and Ogata, Hideaki and Higuchi, Yoshiki and Lubitz, Wolfgang},
  title={Single Crystal {EPR} Studies of the Reduced Active Site of {[NiFe]} {H}ydrogenase from {D}esulfovibrio vulgaris {M}iyazaki {F}},
  journal={J. Am. Chem. Soc.},
  year={2003},
  volume={125},
  number={1},
  pages={83--93},
 }
 
 @article{SchneiderEPR,
  title={Electrically Excited Inverse Electron Spin Resonance in a Split-Ring Metamaterial Resonator},
  author={Schneider, A. and Shuvaev, A. and Engelbrecht, S. and Demokritov, S. O. and Pimenov, A.},
  journal={Phys. Rev. Lett.},
  volume={103},
  issue={10},
  pages={103907},
  numpages={4},
  year={2009},
}

@article{BOERO2013133,
title={Room Temperature Strong Coupling Between a Microwave Oscillator and an Ensemble of Electron Spins},
journal="J. Magn. Reson.",
volume="231",
pages="133--140",
year="2013",
author="G. Boero and G. Gualco and R. Lisowski and J. Anders and D. Suter and J. Brugger",
}


@article {Scalari1323,
	author={Scalari, G. and Maissen, C. and Tur{\v c}inkov{\'a}, D. and Hagenm{\"u}ller, D. and De Liberato, S. and Ciuti, C. and Reichl, C. and Schuh, D. and Wegscheider, W. and Beck, M. and Faist, J.},
	title={Ultrastrong Coupling of the Cyclotron Transition of a 2D Electron Gas to a {THz} Metamaterial},
	volume={335},
	number={6074},
	pages={1323--1326},
	year={2012},
	journal={Science}
}

@article{oxidesurface,
author={Dyrek, Krystyna and Che, Michel},
title={{EPR} as a Tool to Investigate the Transition Metal Chemistry on Oxide Surfaces},
journal={Chem. Rev.},
volume={97},
number={1},
pages={305--332},
year={1997},
}


