@article{COX201763,
    title="ELDOR-detected {NMR}: {A} general and robust method for electron-nuclear hyperfine spectroscopy?",
    journal="J. Magn. Reson.",
    volume="280",
    pages="63 -- 78",
    year="2017",
    author="Nicholas Cox and Anna Nalepa and Wolfgang Lubitz and Anton Savitsky",
}

@article{DOLL201746,
    title="Wideband frequency-swept excitation in pulsed {EPR} spectroscopy",
    journal="J. Magn. Reson.",
    volume="280",
    pages="46 -- 62",
    year="2017",
    author="Andrin Doll and Gunnar Jeschke",
}

@BOOK{born,
	AUTHOR="M. Born and W. Wolf",
	TITLE="Principles of Optics: Electromagnetic Theory of Propagation, Interference and Diffraction of Light",
	PUBLISHER={Pergamon Press},
	edition="3rd Edition",
	YEAR={1965},
}

@article{shapedpulse,
    title="Improved sensitivity for {W-band Gd(III)-Gd(III)} and nitroxide-nitroxide {DEER} measurements with shaped pulses",
    journal="J. Magn. Reson.",
    volume="283",
    pages="1 -- 13",
    year="2017",
    author="Thorsten Bahrenberg and Yael Rosenski and Raanan Carmieli and Koby Zibzener and Mian Qi and Veronica Frydman and Adelheid Godt and Daniella Goldfarb and Akiva Feintuch",
}

@ARTICLE {icedielectric,
    title="Ice and water permittivities for millimeter and sub-millimeter remote sensing applications",
    author="Jonathan H. Jiang and Dong L. Wu",
    journal="Atmos. Sci. Lett.",
    year="2004",
    volume="5",
    pages="146--151",
}

@ARTICLE {generalte011,
    title="A tunable general purpose {Q}-band resonator for {CW} and pulse {EPR}/{ENDOR} experiments with large sample access and optical excitation",
    journal="J. Magn. Reson.",
    volume="214",
    pages="237--243",
    year="2012",
    author="Edward Reijerse and Friedhelm Lendzian and Roger Isaacson and Wolfgang Lubitz",
}

@ARTICLE {klugsdsl,
    author="Candice S Klug and Jimmy B Feix",
    title="Methods and applications of site-directed spin labeling {EPR} spectroscopy",
    journal="Methods Cell Biol.",
    year="2008",
    volume="84",
    pages="617--658"
}

@ARTICLE {stollshaped,
    author="Claudia E. Tait and Stefan Stoll",
    title="{ENDOR} with band-selective shaped inversion pulses",
    journal="J. Magn. Res.",
    year="2017",
    volume="277",
    pages="36--44"
}

@ARTICLE {UFLGR2017,
    author="Jason W. Sidabras and Tadeuz Sarna and Richard R. Mett and James S. Hyde",
    title="Uniform Field Loop-Gap Resonator and Rectangular {TE$_\text{U02}$} for Aqueous Sample {EPR} at 94~{GHz}",
    journal="J. Magn. Reson.",
    year="2017",
    volume="282",
    pages	="129--135",
}

@MISC {hyde2004cavity,
    author="Hyde, James S and Mett, Richard R and Froncisz, Wojciech and Anderson, James R",
    title="Cavity resonator for electron paramagnetic resonance spectroscopy having axially uniform field",

    year="2004",
    note="{US Patent 6,828,789}",
    publisher="Google Patents"
}

@ARTICLE {SidabrasSlots,
    author="Jason W. Sidabras and James E. Richie and James S. Hyde",
    title="Axially uniform magnetic field-modulation excitation for electron paramagnetic resonance in rectangular and cylindrical cavities by slot cutting ",
    journal="J. Magn. Reson.",
    year="2017",
    volume="274",
    pages="115--124",
    issn="1090-7807"
}
@ARTICLE {MettModeCouple,
    author="Richard R. Mett and James S. Hyde",
    title="{Microwave leakage from field modulation slots in {TE$_{011}$} electron paramagnetic resonance cavities}",
    journal="Rev. Sci. Instrum.",
    year="2005",
    volume="76",
    pages="014702"
}

@BOOK {MITRadWaveguide,
    author="N. Marcuvitz",
    title="Waveguide Handbook, volume 10 of MIT Radiation Laboratory Series",
    publisher="McGraw-Hill", 
    year="1951",
}    
@BOOK {eaton2010quantitative,
    author="Eaton, G.R. and Eaton, S.S. and Barr, D.P. and Weber, R.T.",
    title="Quantitative {EPR}",
    publisher="Springer Vienna",
    year="2010",
    isbn="9783211929483"
}
@BOOK {pulsejeschke,
    author="Schweiger, A. and Jeschke, G.",
    title="Principles of Pulse Electron Paramagnetic Resonance",
    publisher="Oxford University Press",
    year="2001",
    isbn="9780198506348",
    lccn="2001034062"
}
@ARTICLE {MainaliLGR,
    author="Mainali, Laxman and Sidabras, Jason W. and Camenisch, Theodore G. and Ratke, Joseph J. and Raguz, Marija and Hyde, James S. and Subczynski, Witold K.",
    title="Spin-label {W-band} {EPR} with Seven-Loop--Six-Gap Resonator: {A}pplication to Lens Membranes Derived from Eyes of a Single Donor",
    journal="Appl. Magn. Reson.",
    year="2014",
    volume="45",
    number="12",
    pages="1343--1358"
}
@INCOLLECTION {misrabook,
    author="James S. Hyde and Jason W. Sidabras and Richard R. Mett",
    title="Resonators for Multifrequency {EPR} of Spin Labels",
    booktitle="Multifrequency Electron Paramagnetic Resonance: Theory and Applications",
    publisher="Wiley-VCH Verlag GmbH \& Co. KGaA",
    year="2011",
    editor="S. K. Misra",
    chapter="5.2",
    pages="244--269",
}
@INCOLLECTION {hydehoff,
    author="James S. Hyde and W. Froncisz",
    title="Loop-gap resonators",
    booktitle="Advanced {EPR}: Applications in Biology and Biochemistry",
    publisher="Elsevier",
    year="1989",
    editor="A. J. Hoff",
    pages="277--306",
}
@ARTICLE {Sidabras2007,
    author="Jason W. Sidabras and Richard R. Mett and Wojciech Froncisz and Theodore G. Camenisch and James R. Anderson and James S. Hyde ",
    title="Multipurpose {EPR} loop-gap resonator and cylindrical {TE$_{011}$} cavity for aqueous samples at 94 {GHz} ",
    journal="Rev. Sci. Instrum. ",
    year="2007 ",
    volume="78 ",
    number="3 ",
    pages="034701"
}
@ARTICLE {Froncisz2008,
    author="Wojciech Froncisz and Theodore G. Camenisch and Joseph J. Ratke and James R. Anderson and Witold K. Subczynski and Robert A. Strangeway and Jason W. Sidabras and James S. Hyde ",
    title="Saturation Recovery {EPR} and {ELDOR} at {W-band} for Spin Labels ",
    journal="J. Magn. Reson.",
    year="2008 ",
    volume="193 ",
    number="2 ",
    pages="297--304 "
}
@ARTICLE {Hyde2007,
    author="James S. Hyde and Wojciech Froncisz and Jason W. Sidabras and Theodore G. Camenisch and James R. Anderson and Robert A. Strangeway ",
    title="Microwave frequency modulation in {CW} {EPR} at {W-band} using a loop-gap resonator ",
    journal="J. Magn. Reson.",
    year="2007 ",
    volume="185 ",
    number="2 ",
    pages="259--263 "
}
@ARTICLE {Mett2009,
    author="Richard R. Mett and Jason W. Sidabras and James S. Hyde ",
    title="Coupling of Waveguide and Resonator by Inductive and Capacitive Irises for {EPR} Spectroscopy",
    journal="Appl. Magn. Reson.",
    year="2009 ",
    volume="35 ",
    number="2 ",
    pages="285--318 "
}


@ARTICLE {UFLGR,
    author="Richard R. Mett and Jason W. Sidabras and James S. Hyde ",
    title="Uniform Radio Fields in Loop-Gap Resonators for {EPR} Spectroscopy ",
    journal="Appl. Magn. Reson.",
    year="2007 ",
    volume="31 ",
    pages="573--589 "
}

@ARTICLE {mett2001axially,
    author="Mett, Richard R and Froncisz, Wojciech and Hyde, James S",
    title="Axially uniform resonant cavity modes for potential use in electron paramagnetic resonance spectroscopy",
    journal="Rev. Sci. Instrum.",
    year="2001",
    volume="72",
    number="11",
    pages="4188--4200",
    publisher="AIP Publishing"
}
@ARTICLE {anderson2002,
    author="Anderson, James R and Mett, Richard R and Hyde, James S",
    title="Cavities with axially uniform fields for use in electron paramagnetic resonance. {II}. {F}ree space generalization",
    journal="Rev. Sci. Instrum.",
    year="2002",
    volume="73",
    number="8",
    pages="3027--3037",
    publisher="AIP Publishing"
}
@ARTICLE {mett2002recav,
    author="Hyde, James S. and Mett, Richard R. and Anderson, James R.",
    title="Cavities with axially uniform fields for use in electron paramagnetic resonance. {III}. {R}e-entrant geometries",
    journal="Rev. Sci. Instrum.",
    year="2002",
    volume="73",
    number="11",
    pages="4003--4009"
}
@BOOK {ramo1984fields,
    author="Ramo, S. and Whinnery, J.R. and Van Duzer, T.",
    title="Fields and Waves in Communication Electronics",
    publisher="Wiley",
    year="1984"
}

@Article{Nesmelov2004,
author={Nesmelov, Yuri E. and Gopinath, Anand and Thomas, David D.},
title={{Aqueous sample in an EPR cavity: Sensitivity considerations}},
journal={J. Magn. Reson.},
year={2004},
volume={167},
number={1},
pages={138--146},
}



@InCollection{SaturationTransfer2005,
author="Beth, Albert H.
and Hustedt, Eric J.",
editor="Eaton, Sandra R.
and Eaton, Gareth R.
and Berliner, Lawrence J.",
title="Saturation Transfer {EPR}",
bookTitle="Biomedical EPR, Part B: Methodology, Instrumentation, and Dynamics",
year="2005",
publisher="Springer US",
pages="369--407",
}

@book{harrington1961time,
  title={Time-harmonic electromagnetic fields},
  author={Harrington, R.F.},
  year={1961},
  publisher={McGraw-Hill}
}



@Article{HydeUFDR2017,
author="Hyde, James S.
and Mett, Richard R.",
title={{EPR} Uniform Field Signal Enhancement by Dielectric Tubes in Cavities},
journal="Appl. Magn. Reson.",
year="2017",
month="Dec",
day="01",
volume="48",
number="11",
pages="1185--1204",
}

@article{Hartnett2003,
	year=2003,
	month={nov},
	publisher={{IOP} Publishing},
	volume={15},
	number={1},
	pages={203--210},
	author={John G Hartnett and Michael E Tobar and Jerzy Krupka},
	title={The dependence of the permittivity of sapphire on thermal deformation at cryogenic temperatures},
	journal={Meas. Sci. Tech.},
}

@Article{HydeUFRev2019,
author="Hyde, James S.
and Sidabras, Jason W.
and Mett, Richard R.",
title="Uniform Field Resonators for {EPR} Spectroscopy: {A} Review",
journal="Cell Biochemistry and Biophysics",
year="2019",
month="Mar",
day="01",
volume="77",
number="1",
pages="3--14",
}

@Article{SidabrasReEnt2017,
author={Sidabras, Jason W.
and Reijerse, Edward J.
and Lubitz, Wolfgang},
title={Uniform Field Re-entrant Cylindrical {TE}01{U} Cavity for Pulse Electron Paramagnetic Resonance Spectroscopy at {Q}-band},
journal="Appl. Magn. Reson.",
year="2017",
month="Dec",
day="01",
volume="48",
number="11",
pages="1301--1314",
}
