% Encoding: UTF-8
@book{abragam1961,
  title={The Principles of Nuclear Magnetism},
  author={Abragam, A.},
  year={1961},
  publisher={Clarendon Press}
}

@article{srrmodel,
author={Jordi Naqui and Lijuan Su and Javier Mata and Ferran Mart\'{i}n},
title={Recent Advances in the Modeling of Transmission Lines Loaded with Split Ring Resonators},
journal={Int. J. Antennas Propag.},
volume={2015},
number={792750},
pages={13},
year={2015},

}

@article{defected,
author={VL. H. Weng and Y.-C. Guo and X.-W. Shi and X.-Q. Chen},
title={An Overview On Defected Ground Structure},
journal={Prog. Electromagn. Res. B},
volume={7},
pages={173-189},
year={2008},
}

@INCOLLECTION {misrabook,
    author={James S. Hyde and Jason W. Sidabras and Richard R. Mett},
    title={Resonators for Multifrequency {EPR} of Spin Labels},
    booktitle={Multifrequency Electron Paramagnetic Resonance: {T}heory and Applications},
    publisher={Wiley-VCH Verlag GmbH \& Co. KGaA},
    year={2011},
    editor={S. K. Misra},
    chapter={5.2},
    pages={244--269},
}

@book{grinbergVHF,
  title={Very High Frequency ({VHF}) {ESR/EPR}},
  author={Grinberg, O. and Berliner, L.},
  isbn={9780306483165},
  lccn={2003064138},
  series={Biological Magnetic Resonance},
  year={2004},
  publisher={Springer US}
}

@article{FeherSignal,
author={Feher, G.},
title={Sensitivity Considerations in Microwave Paramagnetic Resonance Absorption Techniques},
journal={Bell Syst. Tech. J.},
volume={36},
number={2},
pages={449-484},
year={1957}
}

@article{BOERO2013133,
title={Room Temperature Strong Coupling Between a Microwave Oscillator and an Ensemble of Electron Spins},
journal="J. Magn. Reson.",
volume="231",
pages="133--140",
year="2013",
author="G. Boero and G. Gualco and R. Lisowski and J. Anders and D. Suter and J. Brugger",
}

@article{Nehrkorn13,
author={Nehrkorn, Joscha and Martins, Berta M. and Holldack, Karsten and Stoll, Stefan and Dobbek, Holger and Bittl, Robert and Schnegg, Alexander},
title={Zero-field Splittings in {metHb} and {metMb} with Aquo and Fluoro Ligands: {a} {FD-FT THz-EPR} Study},
journal={Mol. Phys.},
volume={111},
number={18-19},
pages={2696--2707},
year={2013},
}

@article{Schnegg09,
author={Schnegg, Alexander and Behrends, Jan and Lips, Klaus and Bittl, Robert and Holldack, Karsten},
title={Frequency Domain {F}ourier Transform {THz-EPR} on Single Molecule Magnets Using Coherent Synchrotron Radiation},
journal={Phys. Chem. Chem. Phys.},
year={2009},
volume={11},
issue={31},
pages={6820--6825},
}

@article{Nehrkorn15,
author={Nehrkorn, Joscha and Telser, Joshua and Holldack, Karsten and Stoll, Stefan and Schnegg, Alexander},
title={Simulating Frequency-Domain Electron Paramagnetic Resonance: {B}ridging the Gap Between Experiment and Magnetic Parameters for High-Spin Transition-Metal Ion Complexes},
journal={J. Phys. Chem. B},
volume={119},
number={43},
pages={13816--13824},
year={2015},

}

@BOOK {ramo1984fields,
    author={Ramo, S. and Whinnery, J.R. and Van Duzer, T.},
    title={Fields and Waves in Communication Electronics},
    publisher={Wiley},
    year={1984}
}

@article{Kubo10,
  title={Strong Coupling of a Spin Ensemble To a Superconducting Resonator},
  author={Kubo, Y. and Ong, F. R. and Bertet, P. and Vion, D. and Jacques, V. and Zheng, D. and Dr\'eau, A. and Roch, J.-F. and Auffeves, A. and Jelezko, F. and Wrachtrup, J. and Barthe, M. F. and Bergonzo, P. and Esteve, D.},
  journal={Phys. Rev. Lett.},
  volume={105},
  issue={14},
  pages={140502},
  numpages={4},
  year={2010},
  month={Sep},
}

@book{Pilbrow90,
  title={Transition Ion Electron Paramagnetic Resonance},
  author={Pilbrow, J.R.},
  isbn={9780198552147},
  lccn={lc89026454},
  series={Oxford science publications},
  year={1990},
  publisher={Clarendon Press}
}

@article{AboBakr02,
  title={Steady-State Far-Infrared Coherent Synchrotron Radiation Detected At {BESSY II}},
  author={Abo-Bakr, M. and Feikes, J. and Holldack, K. and W\"ustefeld, G. and H\"ubers, H.-W.},
  journal={Phys. Rev. Lett.},
  volume={88},
  issue={25},
  pages={254801},
  numpages={4},
  year={2002},
  month={Jun},
  
}

@article{Schuster10,
  title={High-Cooperativity Coupling of Electron-Spin Ensembles to Superconducting Cavities},
  author={Schuster, D. I. and Sears, A. P. and Ginossar, E. and DiCarlo, L. and Frunzio, L. and Morton, J. J. L. and Wu, H. and Briggs, G. A. D. and Buckley, B. B. and Awschalom, D. D. and Schoelkopf, R. J.},
  journal={Phys. Rev. Lett.},
  volume={105},
  issue={14},
  pages={140501},
  numpages={4},
  year={2010},
  month={Sep},

}

@article{Chiorescu10,
  title={Magnetic Strong Coupling in a Spin-photon System and Transition to Classical Regime},
  author={Chiorescu, I. and Groll, N. and Bertaina, S. and Mori, T. and Miyashita, S.},
  journal={Phys. Rev. B},
  volume={82},
  issue={2},
  pages={024413},
  numpages={7},
  year={2010},
  month={Jul},
}

@article{Veselago68,
  author={Viktor G Veselago},
  title={The Electrodynamics of Substances with Simultaneously negative values of $\epsilon$ and $\mu$.},
  journal={Soviet Physics Uspekhi},
  volume={10},
  number={4},
  pages={509},

  year={1968},
  abstract={}
}

@article{Smith04,
author={Smith, D. R. and Pendry, J. B. and Wiltshire, M. C. K.}, 
title={Metamaterials and Negative Refractive Index},
volume={305}, 
number={5685}, 
pages={788--792}, 
year={2004}, 
journal={Science} 
}

@article{Yen04,
author={Yen, T. J. and Padilla, W. J. and Fang, N. and Vier, D. C. and Smith, D. R. and Pendry, J. B. and Basov, D. N. and Zhang, X.}, 
title={Terahertz Magnetic Response from Artificial Materials},
volume={303}, 
number={5663}, 
pages={1494--1496}, 
year={2004}, 
journal={Science} 
}

@article{Smith00,
  title={Composite Medium with Simultaneously Negative Permeability and Permittivity},
  author={Smith, D. R. and Padilla, Willie J. and Vier, D. C. and Nemat-Nasser, S. C. and Schultz, S.},
  journal={Phys. Rev. Lett.},
  volume={84},
  issue={18},
  pages={4184--4187},
  numpages={0},
  year={2000},
  month={May},
}

@article{Linden04,
author={Linden, Stefan and Enkrich, Christian and Wegener, Martin and Zhou, Jiangfeng and Koschny, Thomas and Soukoulis, Costas M.}, 
title={Magnetic Response of Metamaterials At 100 {TeraHertz}},
volume={306}, 
number={5700}, 
pages={1351-1353}, 
year={2004}, 
journal={Science} 
}

@article{Blencowe10,
author={Bleconwe, Miles}, 
title={QuantumRAM},
volume={468}, 
pages={44-45}, 
year={2010},
issue={7320},
journal={Nature}
}

@article{Wu10,
  title={Storage of Multiple Coherent Microwave Excitations in an Electron Spin Ensemble},
  author={Wu, Hua and George, Richard E. and Wesenberg, Janus H. and M\o{}lmer, Klaus and Schuster, David I. and Schoelkopf, Robert J. and Itoh, Kohei M. and Ardavan, Arzhang and Morton, John J. L. and Briggs, G. Andrew D.},
  journal={Phys. Rev. Lett.},
  volume={105},
  issue={14},
  pages={140503},
  numpages={4},
  year={2010},
  month={Sep},
}

@article{Jenkins13,
  author={Mark Jenkins and Thomas H\"{u}mmer and Mar\'{i}?a Jos\'{e} Mart\'{i}?nez-P\'{e}rez and Juanjo Garc\'{i}?a-Ripoll and David Zueco and Fernando Luis},
  title={Coupling Single-molecule Magnets To Quantum Circuits},
  journal={New J. Phys.},
  volume={15},
  number={9},
  pages={095007},
  year={2013},
  
}

@Article{Narkowicz05,
  author={R. Narkowicz and D. Suter and R. Stonies},
  title={Planar Microresonators for {EPR} Experiments},
  journal={J. Magn. Reson.},
  year={2005},
  volume={175},
  number={2},
  pages={275--284},
}

@article{Schoeppner14,
   author="Schoeppner, C. and Wagner, K. and Stienen, S. and Meckenstock, R. and Farle, M. and Narkowicz, R. and Suter, D. and Lindner, J.",
   title={Angular Dependent Ferromagnetic Resonance Analysis in a Single Micron Sized Cobalt Stripe},
   journal="J. Appl. Phys",
   year="2014",
   volume="116",
   number="3", 
}

@article{Katsarakis04,
   author="Katsarakis, N. and Koschny, T. and Kafesaki, M. and Economou, E. N. and Soukoulis, C. M.",
   title={Electric Coupling To The Magnetic Resonance of Split Ring Resonators},
   journal="Appl. Phys. Lett.",
   year="2004",
   volume="84",
   number="15", 
   pages="2943-2945",
}

@article{Zvyagin09,
   author={Zvyagin, S. A. and Ozerov, M. and \v{C}i\v{z}m\'{a}r, E. and Kamenskyi, D. and Zherlitsyn, S. and Herrmannsd\"{o}rfer, T. and Wosnitza, J. and W\"{u}nsch, R. and Seidel, W.},
   title={Terahertz-range Free-electron Laser Electron Spin Resonance Spectroscopy: {T}echniques and Applications in High Magnetic Fields},
   journal="Rev. Sci. Instrum.",
   year="2009",
   volume="80",
   number="7", 
   pages="073102",
}

@article{Takahashi09,
  title={Coherent Manipulation and Decoherence of {S}=10 Single-Molecule Magnets},
  author={Takahashi, Susumu and van Tol, Johan and Beedle, Christopher C. and Hendrickson, David N. and Brunel, Louis-Claude and Sherwin, Mark S.},
  journal={Phys. Rev. Lett.},
  volume={102},
  issue={8},
  pages={087603},
  numpages={4},
  year={2009},
  month={Feb},
  publisher={American Physical Society},
}

@article{Lu2017,
  year={2017},
  publisher={Royal Society of Chemistry ({RSC})},
  volume={8},
  number={11},
  pages={7312--7323},
  author={Jian Lu and I. Ozge Ozel and Carina A. Belvin and Xian Li and Grigorii Skorupskii and Lei Sun and Benjamin K. Ofori-Okai and Mircea Dinc{\u{a}} and Nuh Gedik and Keith A. Nelson},
  title={Rapid and Precise Determination of Zero-field Splittings by Terahertz Time-domain Electron Paramagnetic Resonance Spectroscopy},
  journal={Chem. Sci.}
}

@article{vanTol05,
   author={van Tol, J. and Brunel, L.-C. and Wylde, R. J.},
   title={A Quasioptical Transient Electron Spin Resonance Spectrometer Operating at 120 and 240 {GHz}},
   journal={Rev. Sci. Instrum.},
   year={2005},
   volume={76},
   number={7}, 
   pages={074101},
}

@article{Hassan00,
title={Ultrawide Band Multifrequency High-Field {EMR} Technique: {A} Methodology for Increasing Spectroscopic Information},
journal={J. Magn. Reson.},
volume={142},
number={2},
pages={300--312},
year={2000},
author={A.K Hassan and L.A Pardi and J Krzystek and A Sienkiewicz and P Goy and M Rohrer and L.-C Brunel},
}

@article{Disselhorst95,
title={A Pulsed {EPR} and {ENDOR} Spectrometer Operating at 95 {GHz}},
journal={J. Magn. Reson. Ser. A},
volume={115},
number={2},
pages={183--188},
year={1995},
author={J.A.J.M. Disselhorst and H. Vandermeer and O.G. Poluektov and J. Schmidt}
}

@article{Eddins14,
  title={Collective Coupling of a Macroscopic Number of Single-Molecule Magnets with a Microwave Cavity Mode},
  author={Eddins, A. W. and Beedle, C. C. and Hendrickson, D. N. and Friedman, Jonathan R.},
  journal={Phys. Rev. Lett.},
  volume={112},
  issue={12},
  pages={120501},
  numpages={5},
  year={2014},
  month={Mar},
}

@article{Amsuess11,
  title={Cavity QED with Magnetically Coupled Collective Spin States},
  author={Ams\"uss, R. and Koller, Ch. and N\"obauer, T. and Putz, S. and Rotter, S. and Sandner, K. and Schneider, S. and Schramb\"ock, M. and Steinhauser, G. and Ritsch, H. and Schmiedmayer, J. and Majer, J.},
  journal={Phys. Rev. Lett.},
  volume={107},
  issue={6},
  pages={060502},
  numpages={5},
  year={2011},
  month={Aug},
}

@article{Zhu11,
  title={Coherent Coupling of a Superconducting Flux Qubit to an Electron Spin Ensemble in Diamond},
  author={Zhu, Xiaobo and Saito, Shiro and Kemp, Alexander and Kakuyanagi, Kosuke and Karimoto, Shin-ichi and Nakano, Hayato and Munro, William J. and Tokura, Yasuhiro and Everitt, Mark S. and Nemoto, Kae and Kasu, Makoto and Mizuochi, Norikazu and Semba, Kouichi},
  journal={Nature},
  volume={478},
  issue={7368},
  pages={221-224},
  year={2011},
  }

  @article{Probst13,
  title={Anisotropic Rare-Earth Spin Ensemble Strongly Coupled to a Superconducting Resonator},
  author={Probst, S. and Rotzinger, H. and W\"unsch, S. and Jung, P. and Jerger, M. and Siegel, M. and Ustinov, A. V. and Bushev, P. A.},
  journal={Phys. Rev. Lett.},
  volume={110},
  issue={15},
  pages={157001},
  numpages={5},
  year={2013},
  month={Apr},
}


@article{Johnson66,
title={Hyperfine Field of $^{57}${Fe} in Hemin},
journal="Phys. Lett.",
volume="21",
number="5",
pages="491 - 492",
year="1966",
issn="0031-9163",
author="C.E. Johnson"
}

@article{Marathe73,
title={Zero-field Splitting in Hemin},
journal="Chem. Phys. Lett.",
volume="19",
number="1",
pages="140 - 142",
year="1973",
author="V.R. Marathe and S. Mitra"
}

@article{Lang66,
title={M\"{o}ssbauer Effect in Some Haemoglobin Compounds},
journal="J. Mol. Biol.",
volume="18",
number="3",
pages="385 - 404",
year="1966",
author="George Lang and Walter Marshall"
}

@article{Imamoglu09,
  title={Cavity QED Based On Collective Magnetic Dipole Coupling: {S}pin Ensembles As Hybrid Two-Level Systems},
  author={Imamo\ifmmode \breve{g}\else \u{g}\fi{}lu, Atac},
  journal={Phys. Rev. Lett.},
  volume={102},
  issue={8},
  pages={083602},
  numpages={4},
  year={2009},
  month={Feb},
}

@article{Wesenberg09,
  title={Quantum Computing with an Electron Spin Ensemble},
  author={Wesenberg, J. H. and Ardavan, A. and Briggs, G. A. D. and Morton, J. J. L. and Schoelkopf, R. J. and Schuster, D. I. and M\o{}lmer, K.},
  journal={Phys. Rev. Lett.},
  volume={103},
  issue={7},
  pages={070502},
  numpages={4},
  year={2009},
  month={Aug},
}

@article{Nehrkorn15_PRL,
  title={General Magnetic Transition Dipole Moments for Electron Paramagnetic Resonance},
  author={Nehrkorn, Joscha and Schnegg, Alexander and Holldack, Karsten and Stoll, Stefan},
  journal={Phys. Rev. Lett.},
  volume={114},
  issue={1},
  pages={010801},
  numpages={5},
  year={2015},
  month={Jan},
}

@BOOK{poole,
	AUTHOR="C. P. Poole",
	TITLE={Electron Spin Resonance: {A} Comprehensive Treatise on Experimental Techniques},
	PUBLISHER="Interscience",
	YEAR={1967},
	}

@Article{C7NR03824K,
author={Xu, Wendao and Xie, Lijuan and Ying, Yibin},
title={Mechanisms and Applications of {TeraHertz} Metamaterial Sensing: {A} review},
journal={Nanoscale},
year={2017},
volume={9},
issue={37},
pages={13864--13878},
}


@article{BloembergenRadDamp,
  title={Radiation Damping in Magnetic Resonance Experiments},
  author={Bloembergen, N. and Pound, R. V.},
  journal={Phys. Rev.},
  volume={95},
  issue={1},
  pages={8--12},
  numpages={0},
  year={1954},
}

@Article{C7CP07443C,
author={Neugebauer, P. and Bloos, D. and Marx, R. and Lutz, P. and Kern, M. and Aguilà, D. and Vaverka, J. and Laguta, O. and Dietrich, C. and Clérac, R. and van Slageren, J.},
title={Ultra-broadband {EPR} spectroscopy in Field and Frequency Domains},
journal={Phys. Chem. Chem. Phys.},
year={2018},
volume={20},
issue={22},
pages={15528--15534},
}


@article{MILIKISIYANTS2018152,
title={Photonic Band-gap Resonators for High-field/high-frequency EPR of Microliter-volume Liquid Aqueous Samples},
journal={J. Magn. Res.},
volume={296},
pages={152--164},
year={2018},
author={Sergey Milikisiyants and Alexander A. Nevzorov and Alex I. Smirnov},
}

@article{BraakmanFabry,
author={Braakman,R.  and Blake,G. A. },
title={Principles and Promise of {Fabry–P'{e}rot} Resonators At {TeraHertz} Frequencies},
journal={J. Appl. Phys.},
volume={109},
number={6},
pages={063102},
year={2011},
}

@article{Clarke1982Fabry,
	year=1982,
	month={jan},
	volume={15},
	number={1},
	pages={9--24},
	author={R N Clarke and C B Rosenberg},
	title={{Fabry–P'{e}rot} and Open Resonators At Microwave and Millimetre Wave Frequencies, 2-300 {GHz}},
	journal={J. Phys. E Sci. Instrum.},
}

@article{BloomRadDamp,
author={Bloom,Stanley },
title={Effects of Radiation Damping On Spin Dynamics},
journal={J. Appl. Phys.},
volume={28},
number={7},
pages={800--805},
year={1957},
}

@article{MeiboomRadDamp,
  title={Radiation Damping in Nuclear Magnetic Resonance},
  author={Sz\"oke, A. and Meiboom, S.},
  journal={Phys. Rev.},
  volume={113},
  issue={2},
  pages={585--586},
  numpages={0},
  year={1959},
}

@Article{Lee2017,
author={Lee, Dong-Kyu and Kang, Ji-Hun and Kwon, Junghoon and Lee, Jun-Seok and Lee, Seok and Woo, Deok Ha and Kim, Jae Hun and Song, Chang-Seon and Park, Q-Han and Seo, Minah},
title={Nano Metamaterials for Ultrasensitive {TeraHertz} Biosensing},
journal={Sci. Rep.},
year={2017},
volume={7},
number={1},
pages={8146},
}

@article {Scalari1323,
	author={Scalari, G. and Maissen, C. and Tur{\v c}inkov{\'a}, D. and Hagenm{\"u}ller, D. and De Liberato, S. and Ciuti, C. and Reichl, C. and Schuh, D. and Wegscheider, W. and Beck, M. and Faist, J.},
	title={Ultrastrong Coupling of the Cyclotron Transition of a 2D Electron Gas To a THz Metamaterial},
	volume={335},
	number={6074},
	pages={1323--1326},
	year={2012},
	journal={Science}
}


@article{SchneiderEPR,
  title={Electrically Excited Inverse Electron Spin Resonance in a Split-Ring Metamaterial Resonator},
  author={Schneider, A. and Shuvaev, A. and Engelbrecht, S. and Demokritov, S. O. and Pimenov, A.},
  journal={Phys. Rev. Lett.},
  volume={103},
  issue={10},
  pages={103907},
  numpages={4},
  year={2009},
}



@ARTICLE {UFLGR,
    author="Richard R. Mett and Jason W. Sidabras and James S. Hyde ",
    title={Uniform Radio Fields in Loop-Gap Resonators for {EPR} Spectroscopy},
    journal="Appl. Magn. Reson.",
    year="2007 ",
    volume="31 ",
    pages="573--589 "
}

@ARTICLE {mett2001axially,
    author="Mett, Richard R and Froncisz, Wojciech and Hyde, James S",
    title={Axially Uniform Resonant Cavity Modes for Potential Use in Electron Paramagnetic Resonance Spectroscopy},
    journal="Rev. Sci. Instrum.",
    year="2001",
    volume="72",
    number="11",
    pages="4188--4200",
    publisher="AIP Publishing"
}
@ARTICLE {anderson2002,
    author="Anderson, James R and Mett, Richard R and Hyde, James S",
    title={Cavities with Axially Uniform Fields for Use in Electron Paramagnetic Resonance. {II}. {F}ree Space Generalization},
    journal="Rev. Sci. Instrum.",
    year="2002",
    volume="73",
    number="8",
    pages="3027--3037",
    publisher="AIP Publishing"
}
@ARTICLE {mett2002recav,
    author="Hyde, James S. and Mett, Richard R. and Anderson, James R.",
    title={Cavities with Axially Uniform Fields for Use in Electron Paramagnetic Resonance. {III}. {R}e-entrant Geometries},
    journal="Rev. Sci. Instrum.",
    year="2002",
    volume="73",
    number="11",
    pages="4003--4009"
}


@article{Bojanic2014,
  year={2014},
  month=aug,
  publisher={Institute of Electrical and Electronics Engineers ({IEEE})},
  volume={62},
  number={8},
  pages={1605--1615},
  author={Radovan Bojanic and Vojislav Milosevic and Branka Jokanovic and Francisco Medina-Mena and Francisco Mesa},
  title={Enhanced Modelling of Split-Ring Resonators Couplings in Printed Circuits},
  journal={{IEEE} Trans. Microw. Theory Tech.}
}

@article{Baena2005,
  year={2005},
  month=apr,
  publisher={Institute of Electrical and Electronics Engineers ({IEEE})},
  volume={53},
  number={4},
  pages={1451--1461},
  author={J.D. Baena and J. Bonache and F. Martin and R.M. Sillero and F. Falcone and T. Lopetegi and M.A.G. Laso and J. Garcia-Garcia and I. Gil and M.F. Portillo and M. Sorolla},
  title={Equivalent-circuit Models for Split-ring Resonators and Complementary Split-ring Resonators Coupled to Planar Transmission Lines},
  journal={{IEEE} Trans. Microw. Theory Tech.}
}

@inproceedings{Su2015,
  year={2015},
  month=sep,
  publisher={{IEEE}},
  author={Lijuan Su and Jordi Naqui and Javier Mata-Contreras and Paris Velez and Ferran Martin},
  title={Transmission Line Metamaterials Based On Pairs of Coupled Split Ring Resonators ({SRRs}) and Complementary Split Ring Resonators ({CSRR}): {A} Comparison to the Light of the Lumped Element Equivalent Circuits},
  booktitle={2015 International Conference on Electromagnetics in Advanced Applications ({ICEAA})}
}

@article{DurnSindreu2012,
  year={2012},
  month=apr,
  publisher={{MDPI} {AG}},
  volume={2},
  number={2},
  pages={375--395},
  author={Miguel Dur{\'{a}}n-Sindreu and Jordi Naqui and Ferran Paredes and Jordi Bonache and Ferran Mart{\'{\i}}n},
  title={Electrically Small Resonators for Planar Metamaterial, Microwave Circuit and Antenna Design: {A} Comparative Analysis},
  journal={Appl. Sci.}
}

@article{KRZYSTEK2006,
  year={2006},
  month=sep,
  publisher={Elsevier {BV}},
  volume={250},
  number={17-18},
  pages={2308--2324},
  author={J Krzystek and A Ozarowski and J Telser},
  title={Multi-frequency, High-field {EPR} as a Powerful Tool to Accurately Determine Zero-field Splitting in High-spin Transition Metal Coordination Complexes},
  journal={Coord. Chem. Rev.}
}

@article{Telser2014,
  year={2014},
  month=jan,
  publisher={Springer Science and Business Media {LLC}},
  volume={19},
  number={3},
  pages={297--318},
  author={Joshua Telser and J. Krzystek and Andrew Ozarowski},
  title={High-frequency and High-field Electron Paramagnetic Resonance ({HFEPR}): {A} New Spectroscopic Tool for Bioinorganic Chemistry},
  journal={J. Bio. Inorg. Chem.}
}

@article{NEHRKORN201710,
title={Recent Progress in Synchrotron-based Frequency-domain Fourier-transform {THz-EPR}},
author="Joscha Nehrkorn and Karsten Holldack and Robert Bittl and Alexander Schnegg",
journal="J. Magn. Reson.",
volume="280",
pages="10--19",
year="2017",
issn="1090-7807",
}

@article{ZhangMetasurfaces,
author={Zhang, Lei and Mei, Shengtao and Huang, Kun and Qiu, Cheng-Wei},
title={Advances in Full Control of Electromagnetic Waves with Metasurfaces},
journal={Adv. Opt. Mater.},
volume={4},
number={6},
pages={818--833},
year={2016}
}
