% Encoding: UTF-8

@InCollection{hydehoff,
  author    = {James S. Hyde and W. Froncisz},
  title     = {Loop-Gap Resonators},
  booktitle = {Advanced {EPR}: Applications in Biology and Biochemistry},
  publisher = {Elsevier},
  year      = {1989},
  editor    = {A. J. Hoff},
  pages     = {277--306},
}

@BOOK{vonhippel,
    title={Dielectric Materials and Applications},
  publisher = {Artech House},
  year = {1954},
  author = {Von Hippel, Arthur R.}
}

@article{Mett2009,
  author  = {R. R. Mett and J. W. Sidabras and J. S. Hyde},
  title= {Coupling of Waveguide and Resonator by Inductive and Capacitive Irises for {EPR} Spectroscopy},
  journal = {Appl. Magn. Reson.},
  year    = {2009},
  volume  = {35},
  number  = {2},
  pages   = {285--318},
}

@article{coupling2016,
  author  = {Richard R. Mett and Jason W. Sidabras and James S. Hyde},
  title= {{MRI} Surface-Coil Pair with Strong Inductive Coupling},
  journal = {Rev. Sci. Instrum.},
  year    = {2016},
  volume  = {87},
  number  = {12},
  pages   = {124704},
}

@article{FeherSignal,
author = {Feher, G.},
  title= {Sensitivity Considerations in Microwave Paramagnetic Resonance Absorption Techniques},
journal = {Bell Syst. Tech. J.},
volume = {36},
number = {2},
pages = {449-484},
year = {1957}
}

@article{blank2017,
  author  = {Aharon Blank and Ygal Twig and Yakir Ishay},
  title= {Recent Trends in High Spin Sensitivity Magnetic Resonance},
  journal = {J. Magn. Reson.},
  year    = {2017},
  volume  = {280},
  pages   = {20--29},
}

@article{microcoilEPRimage,
  author  = {Keitchi Ohno and Takeshi Murakami},
  title= {Microscopic {EPR} Imaging Usinga Microcoil System},  journal = {J. Magn. Reson.},
  year    = {1988},
  volume  = {79},
  pages   = {343--347},
}

@article{Helix1967,
  author={J C Collingwood and J W White},
  title=  {Helical Resonators for Spin Resonance Spectroscopy},
  journal={J. Sci. Instrum.},
  volume={44},
  number={7},
  pages={509},
  year={1967},
}

@article{Kentgens2008,
  author  = {Kentgens,A. P. M. and Bart,J. and van Bentum,P. J. M. and Brinkmann,A. and van Eck,E. R. H. and Gardeniers,J. G. E. and Janssen,J. W. G. and Knijn,P. and Vasa,S. and Verkuijlen,M. H. W.},
  title= {High-resolution Liquid- and Solid-state Nuclear Magnetic Resonance of Nanoliter Sample Volumes Using Microcoil Detectors},
  journal = {J. Chem. Phys.},
  year    = {2008},
  volume  = {128},
  number  = {5},
  pages   = {052202},
}

@article{Olson1967,
  author    = {Olson, Dean L. and Peck, Timothy L. and Webb, Andrew G. and Magin, Richard L. and Sweedler, Jonathan V.},
  title= {High-Resolution Microcoil {$^1$H-NMR} for Mass-Limited, Nanoliter-Volume Samples},
  journal   = {Science},
  year      = {1995},
  volume    = {270},
  number    = {5244},
  pages     = {1967--1970},
  publisher = {American Association for the Advancement of Science},
}

@article{cr980140f,
  author  = {Lacey, Michael E. and Subramanian, Raju and Olson, Dean L. and Webb, Andrew G. and Sweedler, Jonathan V.},
  title={High-Resolution {NMR} Spectroscopy of Sample Volumes From 1~nl to 10~$mu$l},
  journal = {Chem. Rev.},
  year    = {1999},
  volume  = {99},
  number  = {10},
  pages   = {3133--3152},
}

@article{SUBRAMANIAN1998227,
  author  = {R. Subramanian and M.M. Lam and A.G. Webb},
  title= {{RF} Microcoil Design for Practical {NMR} of Mass-Limited Samples},
  journal = {J. Magn. Reson.},
  year    = {1998},
  volume  = {133},
  number  = {1},
  pages   = {227--231},
  issn    = {1090-7807},
}


@article{Jones2012,
author="Jones, Christopher J. and Larive, Cynthia K.",
title= {Could Smaller Really Be Better? {C}urrent and Future Trends in High-resolution Microcoil {NMR} Spectroscopy},
journal="Anal. Bioanal. Chem.",
year="2012",
month="Jan",
day="01",
volume="402",
number="1",
pages="61--68",
}

@article{Raluca2011,
  author  = {Fratila, Raluca M. and Velders, Aldrik H.},
  title= {Small-Volume Nuclear Magnetic Resonance Spectroscopy},
  journal = {Annu. Rev. Anal. Chem.},
  year    = {2011},
  volume  = {4},
  number  = {1},
  pages   = {227--249},
}

@article{walsh86,
  author  = {Walsh,W. M. and Rupp,L. W.},
  title= {Enhanced ESR Sensitivity Using a Dielectric Resonator},
  journal = {Rev. Sci. Instrum.},
  year    = {1986},
  volume  = {57},
  number  = {9},
  pages   = {2278--2279},
}

@article{GOLOVINA200852,
  author  = {Iryna Golovina and Ilia Geifman and Anatolii Belous},
  title= {New Ceramic {EPR} Resonators with High Dielectric Permittivity},
  journal = {J. Magn. Reson.},
  year    = {2008},
  volume  = {195},
  number  = {1},
  pages   = {52--59},
}

@article{AharonSurface2010,
  author  = {Twig,Ygal and Suhovoy,Ekaterina and Blank,Aharon},
  title= {Sensitive Surface Loop-gap Microresonators for Electron Spin Resonance},
  journal = {Rev. Sci. Instrum.},
  year    = {2010},
  volume  = {81},
  number  = {10},
  pages   = {104703},
}

@article{AharonBlankUltra2013,
  author  = {Ygal Twig and Ekaterina Dikarov and Aharon Blank},
  title= {Ultra Miniature Resonators for Electron Spin Resonance: Sensitivity Analysis, Design and Construction Methods, and Potential           Applications},
  journal = {Mol. Phys.},
  year    = {2013},
  volume  = {111},
  number  = {18--19},
  pages   = {2674--2682},
}

@article{GhirriMicroStrip,
  author  = {Ghirri, Alberto and Bonizzoni, Claudio and Righi, Mattia and Fedele, Federico and Timco, Grigore and Winpenny, Richard and Affronte, Marco},
  title= {Microstrip Resonators and Broadband Lines for {X}-band {EPR} Spectroscopy of Molecular Nanomagnets},
  journal = {Appl. Magn. Reson.},
  year    = {2015},
  volume  = {46},
  pages   = {749--756},
  month   = {07},
}

@article{Microstrip2009,
  author  = {Torrezan,A. C. and Mayer Alegre,T. P. and Medeiros-Ribeiro,G.},
  title= {Microstrip Resonators for Electron Paramagnetic Resonance Experiments},
  journal = {Rev. Sci. Instrum.},
  year    = {2009},
  volume  = {80},
  number  = {7},
  pages   = {075111},
}



@article{suter2015,
  author  = {Narkowicz,Ryszard and Suter,Dieter},
  title= {Tuner and Radiation Shield for Planar Electron Paramagnetic Resonance Microresonators},
  journal = {Rev. Sci. Instrum.},
  year    = {2015},
  volume  = {86},
  number  = {2},
  pages   = {024701},
}

@article{Suter2005,
  author  = {R. Narkowicz and D. Suter and R. Stonies},
  title= {Planar Microresonators for {EPR} Experiments},
  journal = {J. Magn. Reson.},
  year    = {2005},
  volume  = {175},
  number  = {2},
  pages   = {275--284},
}

@article{Wilmshurst,
author = { T. H.   Wilmshurst  and  W. A.   Gambling  and  D. J. E.   Ingram },
  title= {Sensitivity of Resonant Cavity and Travelling-wave {E.S.R.} Spectrometers},
journal = {J.  Elect. Cont.},
volume = {13},
number = {4},
pages = {339--360},
year  = {1962},
}

@article{Webb1962,
author = {Webb,Robert H. },
  title= {Use of Traveling Wave Helices in {ESR} and Double Resonance Spectrometers},
journal = {Rev. Sci. Instrum.},
volume = {33},
number = {7},
pages = {732--737},
year = {1962},
}

@article{froncisz1982loop,
  title= {the Loop-Gap Resonator: {A} New Microwave Lumped Circuit {ESR} Sample Structure},
  author={Froncisz, Wojciech and Hyde, James S},
  journal={J. Magn. Reson.},
  volume={47},
  number={3},
  pages={515--521},
  year={1982},
  publisher={Elsevier}
}

@article{Nolle1966,
  author  = {Adkins,Larry R. and Nolle,A. W.},
  title= {{EPR} Spectrometer Utilizing Traveling Wave Helix for 2 {Gc} Region},
  journal = {Rev. Sci. Instrum.},
  year    = {1966},
  volume  = {37},
  number  = {10},
  pages   = {1404--1405},
}

@article{Frenois,
  author={C Frenois},
  title= {Broadband Tunable Cavities with Helical Microstrip Lines},
  journal={J. Phys. E: Sci. Instrum.},
  volume={17},
  number={1},
  pages={35},
  year={1984},
}
	

@article{nonresonant1986,
author = {Mahdjour,H.  and Clark,W. G.  and Baberschke,K. },
  title= {High‚Äêsensitivity Broadband Microwave Spectroscopy with Small Nonresonant Coils},
journal = {Rev. Sci. Instrum.},
volume = {57},
number = {6},
pages = {1100-1106},
year = {1986},
}

@article{Suter2008,
  author  = {Narkowicz,R. and Suter,D. and Niemeyer,I.},
  title= {Scaling of Sensitivity and Efficiency in Planar Microresonators for Electron Spin Resonance},
  journal = {Rev. Sci. Instrum.},
  year    = {2008},
  volume  = {79},
  number  = {8},
  pages   = {084702},
}

@InCollection{misrabook,
  author    = {James S. Hyde and Jason W. Sidabras and Richard R. Mett},
  title= {Resonators for Multifrequency {EPR} of Spin Labels},
  booktitle= {Multifrequency Electron Paramagnetic Resonance: {T}heory and Applications},
  publisher = {Wiley-VCH Verlag GmbH \& Co. KGaA},
  year      = {2011},
  editor    = {S. K. Misra},
  chapter   = {5.2},
  pages     = {244--269},
}

@article{icedielectric,
  author  = {Jonathan H. Jiang and Dong L. Wu},
  title= {Ice and Water Permittivities for Millimeter and Sub-millimeter Remote Sensing Applications},
  journal = {Atmos. Sci. Lett.},
  year    = {2004},
  volume  = {5},
  pages   = {146--151},
}

@article{Hofbauer6623,
  author  = {Hofbauer, W. and Zouni, A. and Bittl, R. and Kern, J. and Orth, P. and Lendzian, F. and Fromme, P. and Witt, H. T. and Lubitz, W.},
  title= {Photosystem {II} Single Crystals Studied by {EPR} Spectroscopy At 94~{GHz}: the Tyrosine Radical {Y$_D^bullet$}},
  journal = {PNAS},
  year    = {2001},
  volume  = {98},
  number  = {12},
  pages   = {6623--6628},
}

@article{Mompean2018,
  author    = {Mompe{\'a}n, Miguel and S{\'a}nchez-Donoso, Rosa M. and de la Hoz, Antonio and Saggiomo, Vittorio and Velders, Aldrik H. and Gomez, M. Victoria},
  title= {Pushing Nuclear Magnetic Resonance Sensitivity Limits with Microfluidics and Photo-chemically Induced Dynamic Nuclear Polarization},
  journal   = {Nat. Commun.},
  year      = {2018},
  volume    = {9},
  number    = {1},
  pages     = {108-108},
  month     = {Jan},
  publisher = {Nature Publishing Group UK},
}

@article{WEBB2005892,
  author  = {A.G. Webb},
  title= {Microcoil Nuclear Magnetic Resonance Spectroscopy},
  journal = {J. Pharm. Sci.},
  year    = {2005},
  volume  = {38},
  number  = {5},
  pages   = {892--903},
  }

@article{MOSER2017,
  author  = {{J. M\"oser and K. Lips and M. Tseytlin and G.R. Eaton and S.S. Eaton and A. Schnegg}},
  title= {Using Rapid-scan {EPR} To Improve the Detection Limit of Quantitative {EPR} by More Than One Order of Magnitude},
  journal = {J. Magn. Reson.},
  year    = {2017},
  volume  = {281},
  pages   = {17--25},
}

@article{BBY1981,
  author  = {Deborah A. Berthold and Gerald T. Babcock and Charles F. Yocum},
  title={A Highly Resolved, Oxygen-evolving Photosystem {II} Preparation From Spinach Thylakoid Membranes: {EPR} and Electron-transport Properties},
  journal = {FEBS Lett.},
  year    = {1981},
  volume  = {134},
  number  = {2},
  pages   = {231--234},
  issn    = {0014-5793},
}

@article{Hyde2013MDIFF,
  author  = {James S. Hyde and Brian Bennett and Aaron W. Kittell and Jason M. Kowalski and Jason W. Sidabras},
  title= {Moving Difference ({MDIFF}) Non-adiabatic Rapid Sweep ({NARS}) {EPR} of Copper({II}) },
  journal = {J. Magn. Reson.},
  year    = {2013},
  volume  = {236},
  number  = {11},
  pages   = {15--25},
}

@article{oldmicro,
  author  = {Marek Mossakowski and Jan Koprowski},
  title= {A Helical-coil Resonator Magnetically Coupled with Microstrip Transmission Line for {EPR} Spectroscopy },
  journal = {Materia\l{}y Elecktroniczne},
  year    = {2009},
  volume  = {37},
  number  = {4},
  pages   = {3--8},
}

@InProceedings{bruker263,
  author       = {Igor Gromov and Peter H\"ofer},
  title        = {Bruker MM-Wave {EPR} System {ELEXSYS} {E780}: {D}esign and Performance},
  year         = {2013},
  organization = {{EUROMAR} 2013, Crete, Greece},
}

@article{NARKOWICZ201379,
  author  = {R. Narkowicz and H. Ogata and E. Reijerse and D. Suter},
  title= {a Cryogenic Receiver for {EPR}},
  journal = {J. Magn. Reson.},
  year    = {2013},
  volume  = {237},
  pages   = {79--84},
}

@article{dielectricReson1,
  author  = {Friedl\"{a}nder, Stefan and ≈†imƒónas, Mantas and Kobalz, Merten and Eckold, Pierre and Ovchar, Oleg and Belous, Anatolii G. and Banys, JuÃÖras and Krautscheid, Harald and P\"{o}ppl, Andreas},
  title= {Single Crystal Electron Paramagnetic Resonance with Dielectric Resonators of Mononuclear {Cu$^{2+}$} Ions in a Metal‚ÄìOrganic           Framework Containing {Cu$_2$} Paddle Wheel Units},
  journal = {J. Phys. Chem. C},
  year    = {2015},
  volume  = {119},
  number  = {33},
  pages   = {19171--19179},
}

@article{dielectricReson2,
  author  = {Friedl\"{a}nder, Stefan and Petkov, Petko St. and Bolling, Felix and Kultaeva, Anastasia and B√∂hlmann, Winfried and Ovchar, Oleg and Belous, Anatolii G. and Heine, Thomas and P\"{o}ppl, Andreas},
  title= {Continuous-Wave Single-Crystal Electron Paramagnetic Resonance of Adsorption of Gases To Cupric Ions in the {Zn(II)}-Doped Porous      Coordination Polymer {Cu$_{2.965}$Zn$_{0.035}$(btc)$_2$}},
  journal = {J. Phys. Chem. C},
  year    = {2016},
  volume  = {120},
  number  = {48},
  pages   = {27399--27411},
}

@article{macroseeding,
author = {Hussein, Rana and Ibrahim, Mohamed and Chatterjee, Ruchira and Coates, Leighton and M√ºh, Frank and Yachandra, Vittal K. and Yano, Junko and Kern, Jan and Dobbek, Holger and Zouni, Athina},
  title= {Optimizing Crystal Size of Photosystem {II} by Macroseeding: Toward Neutron Protein Crystallography},
journal = {Cryst. Growth Des.},
volume = {18},
number = {1},
pages = {85--94},
year = {2018},
}

@article{KERN2005147,
  title= {Purification, Characterisation and Crystallisation of Photosystem {II} From {T}hermosynechococcus Elongatus Cultivated in a New Type   of Photobioreactor},
journal = "Biochim. Biophys. Acta, Bioenerg.",
volume = "1706",
number = "1",
pages = "147--157",
year = "2005",
author = "J. Kern and B. Loll and C. L√ºneberg and D. DiFiore and J. Biesiadka and K.-D. Irrgang and A. Zouni",
}

@article{hydsyn,
  author  = {Schilter, David and Camara, James M. and Huynh, Mioy T. and Hammes-Schiffer, Sharon and Rauchfuss, Thomas B.},
  title= {Hydrogenase Enzymes and their Synthetic Models: the Role of Metal Hydrides},
  journal = {Chem. Rev.},
  year    = {2016},
  volume  = {116},
  number  = {15},
  pages   = {8693--8749},
}

@article{lubitzhyd,
  author  = {Lubitz, Wolfgang and Ogata, Hideaki and R\"{u}diger, Olaf and Reijerse, Edward},
  title= {Hydrogenases},
  journal = {Chem. Rev.},
  year    = {2014},
  volume  = {114},
  number  = {8},
  pages   = {4081--4148},
}

@article{WINKLER2013974,
  author  = {Martin Winkler and Julian Esselborn and Thomas Happe},
  title= {Molecular Basis of {[FeFe]}-hydrogenase Function: an Insight Into the Complex Interplay Between Protein and Catalytic Cofactor},
  journal = {Biochim. Biophys. Acta, Bioenerg.},
  year    = {2013},
  volume  = {1827},
  number  = {8},
  pages   = {974--985},
}

@article{NiFe1996,
  author  = {Ch. Ge{\ss}ner and O. Trofanchuk and K. Kawagoe and Y. Higuchi and N. Yasuoka and W. Lubitz},
  title= {Single Crystal {EPR} Study of the {Ni} Center of {NiFe} Hydrogenase},
  journal = {Chem. Phys. Lett.},
  year    = {1996},
  volume  = {256},
  number  = {4},
  pages   = {518--524},
 }

@article{NiFe2000,
  author  = {Trofanchuk, O. and Stein, M. and Ge{\ss}ner, Ch. and Lendzian, F. and Higuchi, Y. and Lubitz, W.},
  title= {Single Crystal {EPR} Studies of the Oxidized Active Site of {[NiFe]} Hydrogenase From {D}esulfovibrio vulgaris {M}iyazaki {F}},
  journal = {J. Biol. Inorg. Chem.},
  year    = {2000},
  volume  = {5},
  number  = {1},
  pages   = {36--44},
  month   = {Feb},
  day     = {01},
}

@article{NiFe2003,
  author  = {Foerster, Stefanie and Stein, Matthias and Brecht, Marc and Ogata, Hideaki and Higuchi, Yoshiki and Lubitz, Wolfgang},
  title= {Single Crystal {EPR} Studies of the Reduced Active Site of {[NiFe]} Hydrogenase from {D}esulfovibrio vulgaris {M}iyazaki {F}},
  journal = {J. Am. Chem. Soc.},
  year    = {2003},
  volume  = {125},
  number  = {1},
  pages   = {83--93},
 }

@article{FeFeCry,
  author  = {Esselborn, J. and Muraki, N. and Klein, K. and Engelbrecht, V. and Metzler-Nolte, N. and Apfel, U.-P. and Hofmann, E. and Kurisu, G. and Happe, T.},
  title= {A Structural View of Synthetic Cofactor Integration Into {[FeFe]}-hydrogenases},
  journal = {Chem. Sci.},
  year    = {2016},
  volume  = {7},
  pages   = {959--968},
  issue   = {2},
}

@article{Silakov57Fe,
author = {Silakov, Alexey and Reijerse, Eduard J. and Albracht, Simon P. J. and Hatchikian, E. Claude and Lubitz, Wolfgang},
  title= {The Electronic Structure of the {H}-Cluster in the [{FeFe}]-Hydrogenase from {Desulfovibrio} desulfuricans: {A} {Q}-band $^{57}${Fe-     ENDOR} and {HYSCORE} Study},
journal = {J. Am. Chem. Soc.},
volume = {129},
number = {37},
pages = {11447--11458},
year = {2007},
}

@article{BrittLigands2014,
author = {Myers, William K. and Stich, Troy A. and Suess, Daniel L. M. and Kuchenreuther, Jon M. and Swartz, James R. and Britt, R. David},
  title= {The Cyanide Ligands of [{FeFe}] Hydrogenase: Pulse {EPR} Studies of $^{13}${C} and $^{15}${N}-Labeled {H}-Cluster},
journal = {J. Am. Chem. Soc.},
volume = {136},
number = {35},
pages = {12237--12240},
year = {2014},
}


@article{KAMP2008410,
  author  = {Christina Kamp and Alexey Silakov and Martin Winkler and Edward J. Reijerse and Wolfgang Lubitz and Thomas Happe},
  title= {Isolation and First {EPR} Characterization of the {[FeFe]}-hydrogenases From Green Algae},
  journal = {Biochim. Biophys. Acta, Bioenerg.},
  year    = {2008},
  volume  = {1777},
  number  = {5},
  pages   = {410--416},
}

@article{Bowman2016,
  author    = {Bowman, Sarah E. J. and Bridwell-Rabb, Jennifer and Drennan, Catherine L.},
  title= {Metalloprotein Crystallography: More Than a Structure},
  journal   = {Acc. Chem. Res.},
  year      = {2016},
  volume    = {49},
  number    = {4},
  pages     = {695--702},
  publisher = {American Chemical Society},
}

@article{C5CS00182J,
  author  = {Shi, Jiafu and Jiang, Yanjun and Jiang, Zhongyi and Wang, Xueyan and Wang, Xiaoli and Zhang, Shaohua and Han, Pingping and Yang, Chen},
  title= {Enzymatic Conversion of Carbon Dioxide},
  journal = {Chem. Soc. Rev.},
  year    = {2015},
  volume  = {44},
  pages   = {5981--6000},

  issue   = {17},
}

@article{NEESE2003125,
  author  = {Frank Neese},
  title= {Quantum Chemical Calculations of Spectroscopic Properties of Metalloproteins and Model Compounds: {EPR} and {M}\"ossbauer Properties}, 
  journal = {Curr. Opin. Chem. Biol.},
  year    = {2003},
  volume  = {7},
  number  = {1},
  pages   = {125--135},

}

@article{Hoffman2014rev,
  author  = {Hoffman, Brian M. and Lukoyanov, Dmitriy and Yang, Zhi-Yong and Dean, Dennis R. and Seefeldt, Lance C.},
  title={Mechanism of Nitrogen Fixation by Nitrogenase: the Next Stage}, 
 journal = {Chem. Rev.},
  year    = {2014},
  volume  = {114},
  number  = {8},
  pages   = {4041-4062},

}

@article{Adamska2015,
author ="Adamska-Venkatesh, Agnieszka and Simmons, Trevor R. and Siebel, Judith F. and Artero, Vincent and Fontecave, Marc and Reijerse, Edward and Lubitz, Wolfgang",
title  = {Spectroscopic Characterization of the Bridging Amine in the Active Site of {[FeFe]} Hydrogenase Using Isotopologues of the {H}-        Cluster},
journal  ="Phys. Chem. Chem. Phys.",
year  ="2015",
volume  ="17",
issue  ="7",
pages  ="5421--5430",
}


@article{Adamska2015pdt,
author = {Adamska-Venkatesh, Agnieszka and Roy, Souvik and Siebel, Judith F. and Simmons, Trevor R. and Fontecave, Marc and Artero, Vincent and Reijerse, Edward and Lubitz, Wolfgang},
  title= {Spectroscopic Characterization of the Bridging Amine in the Active Site of {[FeFe]} Hydrogenase Using Isotopologues of the {H}-Cluster},
journal = {	J. Am. Chem. Soc.},
volume = {137},
number = {40},
pages = {12744-12747},
year = {2015},
}




@article{STOLL200593,
  title= {Peak Suppression in {ESEEM} Spectra of Multinuclear Spin Systems},
journal = "J Magn. Reson.",
volume = "177",
number = "1",
pages = "93--101",
year = "2005",
author = "Stefan Stoll and Carlos Calle and George Mitrikas and Arthur Schweiger",
}


@article {Saito7690,
	author = {Saito, Keisuke and Rutherford, A. William and Ishikita, Hiroshi},
	  title= {Mechanism of Tyrosine {D} Oxidation in Photosystem {II}},
	volume = {110},
	number = {19},
	pages = {7690--7695},
	year = {2013},
	journal = {Proc. Natl. Acad. Sci.}
}


@book{schweiger2001principles,
  title={Principles of Pulse Electron Paramagnetic Resonance},
  author={Schweiger, A. and Jeschke, G.},
  year={2001},
  publisher={Oxford University Press},
  location={Oxford},
}

@article {Lewis15729,
	author = {Lewis, Nathan S. and Nocera, Daniel G.},
	  title= {Powering the Planet: Chemical Challenges in Solar Energy Utilization},
	volume = {103},
	number = {43},
	pages = {15729--15735},
	year = {2006},
	journal = {Proc. Natl. Acad. Sci.}
}

@article{PSIIRev,
author = {McEvoy, James P. and Brudvig, Gary W.},
  title= {Water-Splitting Chemistry of Photosystem {II}},
journal = {Chem. Rev.},
volume = {106},
number = {11},
pages = {4455--4483},
year = {2006},
}

@book{ginzton1957microwave,
  title= {Microwave Measurements},
  author={Ginzton, E.L.},
  year={1957},
  publisher={McGraw-Hill}
}

@inbook{ReijerseSavitsky2017,
author = {Reijerse, Edward and Savitsky, Anton},
publisher = {eMagRes},
  title= {Electron Paramagnetic Resonance Instrumentation},
volume = {6},
pages = {187--206},
year = {2017},
}

@article{NiFeRev2007,
author = {Lubitz, Wolfgang and Reijerse, Edward and van Gastel, Maurice},
  title= {{[NiFe]} and {[FeFe]} Hydrogenases Studied by Advanced Magnetic Resonance Techniques},
journal = {Chem. Rev.},
volume = {107},
number = {10},
pages = {4331--4365},
year = {2007},
}

@article{STOLL200642,
  title= {{EasySpin}, a Comprehensive Software Package for Spectral Simulation and Analysis in EPR},
journal = "J. Magn. Reson.",
volume = "178",
number = "1",
pages = "42--55",
year = "2006",
author = "Stefan Stoll and Arthur Schweiger",
}

@article{Ping2005,
author = {Liu, Ping and Rodriguez, Jos√© A.},
  title= {Catalysts for Hydrogen Evolution From the [{NiFe}] Hydrogenase To the {Ni$_2$P}(001) Surface: the Importance of Ensemble Effect},
journal = {	J. Am. Chem. Soc.},
volume = {127},
number = {42},
pages = {14871--14878},
year = {2005},
}

@article{LubitzNiFe2016,
    author = {Ogata, Hideaki and Lubitz, Wolfgang and Higuchi, Yoshiki},
      title= {Structure and Function of [{NiFe}] Hydrogenases},
    journal = {	J. Biochem.},
    volume = {160},
    number = {5},
    pages = {251--258},
    year = {2016},
    month = {08},
}

@book{goldfarb2018epr,
  title= {EPR Spectroscopy: {F}undamentals and Methods},
  author={Goldfarb, D. and Stoll, S.},
  series={eMagRes},
  year={2018},
  publisher={Wiley}
}

@article{B908093G,
author ="Teutloff, Christian and Pudollek, Susanne and Ke{\ss}en, Sven and Broser, Matthias and Zouni, Athina and Bittl, Robert",
title  ={Electronic structure of the {T}yrosine {D} radical and the water-splitting complex from pulsed {ENDOR} spectroscopy on photosystem {II} single crystals},
journal  ="Phys. Chem. Chem. Phys.",
year  ="2009",
volume  ="11",
issue  ="31",
pages  ="6715--6726",
}

@article{pulseseq,
author = {Krsti\'{c}, Ivan and Endeward, Burkhard and Margraf, Dominik and Marko, Andriy and F Prisner, Thomas},
year = {2011},
month = {12},
pages = {159--98},
  title={Structure and Dynamics of Nucleic Acids},
volume = {321},
journal = {Top. Curr. Chem.},
}

@article{FERRARO2005175,
  title= {Rieske Business: {S}tructure‚Äìfunction of {R}ieske Non-heme Oxygenases},
journal = "Biochem. Biophys. Res. Commun.",
volume = "338",
number = "1",
pages = "175--190",
year = "2005",
author = "Daniel J. Ferraro and Lokesh Gakhar and S. Ramaswamy",
}

@article{FeSClustersReview,
author = {Johnson, Deborah C. and Dean, Dennis R. and Smith, Archer D. and Johnson, Michael K.},
  title= {Structure, Function, and Formation of Biological Iron-Sulfur Clusters},
journal = {Annu. Rev. Biochem.},
volume = {74},
number = {1},
pages = {247--281},
year = {2005},
}

@article{C7SE00582B,
author ="Esmieu, C. and Raleiras, P. and Berggren, G.",
title  ={From Protein Engineering to Artificial Enzymes--Biological and Biomimetic Approaches Towards Sustainable Hydrogen Production},
journal  = "Sustain. Energ. Fuels",
year  ="2018",
volume  ="2",
issue  ="4",
pages  ="724--750",
}

@article{Klette94GHzPSI,
author = {Klette, Robert and T\"{o}rring, Jens T. and Plato, Martin and M\"{o}bius, Klaus and Boenigk, Birgit and Lubitz, Wolfgang},
  title= {Determination of the $g$-tensor of the Primary Donor Cation Radical in Single Crystals of Rhodobacter Sphaeroides {R}-26 Reaction      Centers by 3-mm High-field {EPR}},
journal = {J. Phys. Chem.},
volume = {97},
number = {9},
pages = {2015--2020},
year = {1993},
}

@article{chirpedESEEM,
author = {Segawa,Takuya F.  and Doll,Andrin  and Pribitzer,Stephan  and Jeschke,Gunnar },
  title= {Copper {ESEEM} and {HYSCORE} Through Ultra-wideband Chirp {EPR} Spectroscopy},
journal = {J. Chem. Phys.},
volume = {143},
number = {4},
pages = {044201},
year = {2015},
}

@book{weil2007electron,
  title={Electron Paramagnetic Resonance: Elementary theory and Practical Applications},
  author={Weil, J.A. and Bolton, J.R.},
  isbn={9780470084977},
  year={2007},
  publisher={Wiley}
}


@article{YU201558,
  title= {Field-stepped Direct Detection Electron Paramagnetic Resonance},
journal = "J. Magn. Reson.",
volume = "258",
pages = "58--64",
year = "2015",
issn = "1090-7807",
author = "Zhelin Yu and Tengzhi Liu and Hanan Elajaili and George A. Rinard and Sandra S. Eaton and Gareth R. Eaton",
}

@article{MITCHELL2012221,
  title= {{X}-band Rapid-scan {EPR} of Nitroxyl Radicals},
journal = "J. Magn. Reson.",
volume = "214",
pages = "221--226",
year = "2012",
issn = "1090-7807",
author = "Deborah G. Mitchell and Richard W. Quine and Mark Tseitlin and Sandra S. Eaton and Gareth R. Eaton",
}

@article{KITTELL2011228,
  title= {Detection of Undistorted Continuous Wave ({CW}) Electron Paramagnetic Resonance ({EPR}) Spectra with Non-adiabatic Rapid Sweep ({NARS}) of the Magnetic Field},
journal = "J. Magn. Reson.",
volume = "211",
number = "2",
pages = "228--233",
year = "2011",
issn = "1090-7807",
author = "Aaron W. Kittell and theodore G. Camenisch and Joseph J. Ratke and Jason W. Sidabras and James S. Hyde",

}

@article{KITTELL201251,
  title= {Inter-spin Distance Determination Using {L}-band (1‚Äì2 {GHz}) Non-adiabatic Rapid Sweep Electron Paramagnetic Resonance ({NARS EPR})},
journal = "J. Magn. Reson.",
volume = "221",
pages = "51--56",
year = "2012",
issn = "1090-7807",
author = "Aaron W. Kittell and Eric J. Hustedt and James S. Hyde",
}

@article{KITTELL201568,
  title= {Spin-label {CW} Microwave Power Saturation and Rapid Passage with Triangular Non-adiabatic Rapid Sweep ({NARS}) and Adiabatic Rapid    Passage ({ARP}) {EPR} Spectroscopy},
journal = "J. Magn. Reson.",
volume = "255",
pages = "68--76",
year = "2015",
issn = "1090-7807",
author = "Aaron W. Kittell and James S. Hyde",
}

@article{RScompare,
author = {Deborah G. Mitchell and Mark Tseitlin and Richard W. Quine and Virginia Meyer and Mark E. Newton and Alexander Schnegg and Benjamin George and Sandra S. Eaton and Gareth R. Eaton},
  title= {{X}-band Rapid-scan {EPR} of Samples with Long Electron Spin Relaxation Times: {A} Comparison of Continuous Wave, Pulse and Rapid-     scan {EPR}},
journal = {Mol. Phys.},
volume = {111},
number = {18-19},
pages = {2664--2673},
year  = {2013},
publisher = {Taylor & Francis}
}

@article{JOSHI200544,
  title= {Rapid-scan {EPR} with Triangular Scans and Fourier Deconvolution To Recover the Slow-scan Spectrum},
journal = "J. Magn. Reson.",
volume = "175",
number = "1",
pages = "44--51",
year = "2005",
issn = "1090-7807",
author = "Janhavi P. Joshi and John R. Ballard and George A. Rinard and Richard W. Quine and Sandra S. Eaton and Gareth R. Eaton"
}

@article{TSEITLIN200948,
  title= {Background Removal Procedure for Rapid Scan {EPR}},
journal = "J. Magn. Reson.",
volume = "196",
number = "1",
pages = "48--53",
year = "2009",
issn = "1090-7807",
author = "Mark Tseitlin and Tomasz Czechowski and Richard W. Quine and Sandra S. Eaton and Gareth R. Eaton",
keywords = "Rapid scan, EPR, Harmonics"
}

@article{TSEITLIN2011279,
  title= {Deconvolution of Sinusoidal Rapid {EPR} Scans},
journal = "J. Magn. Reson.",
volume = "208",
number = "2",
pages = "279--283",
year = "2011",
issn = "1090-7807",
author = "Mark Tseitlin and George A. Rinard and Richard W. Quine and Sandra S. Eaton and Gareth R. Eaton",
keywords = "Deconvolution, Direct detection, Lithium phthalocyanine, Rapid scan, Sinusoidal scan, Tempone, Trityl"
}

@book{schroeder2000astronomical,
  title= {Astronomical Optics},
  author={Schroeder, D.J.},
  year={2000},
  publisher={Elsevier Science}
}

@book{oppenheim1999discrete,
  title= {Discrete-Time Signal Processing},
  author={Oppenheim, A.V. and Schafer, R.W. and Buck, J.R.},
  isbn={9788131704929},
  year={1999},
  publisher={Pearson Education}
}

@article {Liu5438,
	author = {Liu, K J and Gast, P and Moussavi, M and Norby, S W and Vahidi, N and Walczak, T and Wu, M and Swartz, H M},
	  title= {Lithium Phthalocyanine: {A} Probe for Electron Paramagnetic Resonance Oximetry in Viable Biological Systems},
	volume = {90},
	number = {12},
	pages = {5438--5442},
	year = {1993},
    journal = {Proc. Natl. Acad. Sci.}
}

@book{eaton2010quantitative,
  title={Quantitative {EPR}},
  author={Eaton, G.R. and Eaton, S.S. and Barr, D.P. and Weber, R.T.},
  year={2010},
  publisher={Springer Vienna}
}


@article{Gasteljp0573902,
author = {Agrawal, Aruna Goenka and van Gastel, Maurice and G\"artner, Wolfgang and Lubitz, Wolfgang},
  title= {Hydrogen Bonding Affects the [{NiFe}] Active Site of Desulfovibrio Vulgaris Miyazaki {F} Hydrogenase: a Hyperfine Sublevel             Correlation Spectroscopy and Density Functional theory Study},
journal = {Phys. Chem. B},
volume = {110},
number = {15},
pages = {8142--8150},
year = {2006},
}

@article{AdamskaBridgingAmine,
author = {Adamska-Venkatesh, Agnieszka and Roy, Souvik and Siebel, Judith F. and Simmons, Trevor R. and Fontecave, Marc and Artero, Vincent and Reijerse, Edward and Lubitz, Wolfgang},
  title= {Spectroscopic Characterization of the Bridging Amine in the Active Site of [{FeFe}] Hydrogenase Using Isotopologues of the {H}-        Cluster},
  journal = {J. Am. Chem. Soc.},
volume = {137},
number = {40},
pages = {12744--12747},
year = {2015},
}

@article{B905841A,
author ="Silakov, Alexey and Wenk, Brian and Reijerse, Eduard and Lubitz, Wolfgang",
title  ="$^{14}${N} {HYSCORE} Investigation of the {H}-cluster of [{FeFe}] hydrogenase: {E}vidence for a nitrogen in the dithiol bridge",
journal  ="Phys. Chem. Chem. Phys.",
year  ="2009",
volume  ="11",
issue  ="31",
pages  ="6592--6599",
}

@article{CoxOEC,
author = {Cox, Nicholas and Pantazis, Dimitrios A. and Neese, Frank and Lubitz, Wolfgang},
  title={Biological Water Oxidation},
journal = {Acc. Chem. Res.},
volume = {46},
number = {7},
pages = {1588--1596},
year = {2013},
}

@article{Lubitz2019,
author="Lubitz, Wolfgang
and Chrysina, Maria
and Cox, Nicholas",
title= {Water Oxidation in Photosystem {II}},
journal="Photosynth. Res.",
year="2019",
month="Oct",
day="01",
volume="142",
number="1",
pages="105--125",
}



@book{schlogl2012chemical,
  title={Chemical Energy Storage},
  author={Schl{\"o}gl, R. and Aho, A. and Antonietti, M. and Arndt, S. and Behrens, M. and Bill, E. and Brandner, A. and Centi, G. and Claus, P. and Cox, N. and others},
  year={2012},
  publisher={De Gruyter}
}


@article{sommer2017,
author = {Sommer, Constanze and Adamska-Venkatesh, Agnieszka and Pawlak, Krzysztof and Birrell, James A. and R√ºdiger, Olaf and Reijerse, Edward J. and Lubitz, Wolfgang},
  title={Proton Coupled Electronic Rearrangement within the {H}-Cluster as an Essential Step in the Catalytic Cycle of [{FeFe}] Hydrogenases},
journal = {J. Am. Chem. Soc.},
volume = {139},
number = {4},
pages = {1440--1443},
year = {2017},
}

@article{STYRING201276,
  title= {Two Tyrosines That Changed the World Interfacing the Oxidizing Power of Photochemistry To Water Splitting in Photosystem {II}},
journal = "Biochim. Biophys. Acta, Bioenerg.",
volume = "1817",
number = "1",
pages = "76--87",
year = "2012",
author = {Stenbj\"{o}rn Styring and Johannes Sj\"{o}holm and Fikret Mamedov},
}

@article{Friedlaender2015,
author="Friedl{\"a}nder, Stefan
and Ovchar, Oleg
and Voigt, Horst
and B{\"o}ttcher, Rolf
and Belous, Anatolii
and P{\"o}ppl, Andreas",
title= {Dielectric Ceramic {EPR} Resonators for Low Temperature Spectroscopy At {X}-band Frequencies},
journal="Appl. Magn. Reson.",
year="2015",
month="Jan",
day="01",
volume="46",
number="1",
pages="33--48",
}

@article{FiedlerDFT,
author = {Fiedler, Adam T. and Brunold, Thomas C.},
  title={Computational Studies of the {H}-Cluster of {Fe}-Only Hydrogenases: {G}eometric, Electronic, and Magnetic Properties and their Dependence on the [{4Fe4S}] Cubane},
journal = {Inorg. Chem.},
volume = {44},
number = {25},
pages = {9322--9334},
year = {2005},
}

@article{GrecoDFT,
author = {Greco, Claudio and Silakov, Alexey and Bruschi, Maurizio and Ryde, Ulf and De Gioia, Luca and Lubitz, Wolfgang},
  title={Magnetic Properties of [{FeFe}]-{Hydrogenases}: {A} theoretical Investigation Based on Extended {QM and QM/MM} Models of the {H}-Cluster and Its Surroundings},
journal = {Eur. J. Inorg. Chem.},
volume = {2011},
number = {7},
pages = {1043--1049},
year = {2011}
}



@article{NRVS2017,
author = {Pelmenschikov, Vladimir and Birrell, James A. and Pham, Cindy C. and Mishra, Nakul and Wang, Hongxin and Sommer, Constanze and Reijerse, Edward and Richers, Casseday P. and Tamasaku, Kenji and Yoda, Yoshitaka and Rauchfuss, Thomas B. and Lubitz, Wolfgang and Cramer, Stephen P.},
  title={Reaction Coordinate Leading to {H$_2$} Production in [{FeFe}]-Hydrogenase Identified by Nuclear Resonance Vibrational Spectroscopy and Density Functional theory},
journal = {	J. Am. Chem. Soc.},
volume = {139},
number = {46},
pages = {16894--16902},
year = {2017},
}

@article{BirrellArtificial,
author = {Birrell, James A. and Wrede, Kathrin and Pawlak, Krzysztof and Rodriguez-Maci√°, Patricia and R√ºdiger, Olaf and Reijerse, Edward J. and Lubitz, Wolfgang},
  title={Artificial Maturation of the Highly Active Heterodimeric [{FeFe}] Hydrogenase from {D}esulfovibrio desulfuricans {ATCC} 7757},
journal = {Isr. J. Chem.},
volume = {56},
number = {9-10},
pages = {852--863},
year = {2016}
}

@article{EsselbornArtificial,
author={Esselborn, Julian
and Lambertz, Camilla
and Adamska-Venkatesh, Agnieszka
and Simmons, Trevor
and Berggren, Gustav
and Noth, Jens
and Siebel, Judith
and Hemschemeier, Anja
and Artero, Vincent
and Reijerse, Edward
and Fontecave, Marc
and Lubitz, Wolfgang
and Happe, Thomas},
title= {Spontaneous Activation of [{FeFe}]-hydrogenases by an Inorganic [{2Fe}] Active Site Mimic},
journal={Nat. Chem. Biol.},
year={2013},
month={Aug},
day={11},
volume={9},
pages={607},
}

@book{holm2014introduction,
  title={Bioinorganic Enzymology {II}},
  author={Holm, Richard H and Solomon, Edward I},
  year={2014},
  publisher={ACS Publications}
}



@book{grinberg2013very,
  title={Very High Frequency (VHF) {ESR/EPR}},
  author={Grinberg, O. and Berliner, L.J.},
  year={2013},
  publisher={Springer US}
}

@article{CatalyticTOF,
author = {Madden, Christopher and Vaughn, Michael D. and D√≠ez-P√©rez, Ismael and Brown, Katherine A. and King, Paul W. and Gust, Devens and Moore, Ana L. and Moore, Thomas A.},
  title={Catalytic Turnover of [{FeFe}]-Hydrogenase Based on Single-Molecule Imaging},
journal = {J. Am. Chem. Soc.},
volume = {134},
number = {3},
pages = {1577--1582},
year = {2012},
}

@Inbook{Harmer2009,
author="Harmer, Jeffrey
and Mitrikas, George
and Schweiger, Arthur",
editor="Berliner, Lawrence
and Hanson, Graeme ",
title= {Advanced Pulse {EPR} Methods for the Characterization of Metalloproteins},,
bookTitle="High Resolution {EPR}: Applications to Metalloenzymes and Metals in Medicine",
year="2009",
publisher="Springer New York",
pages="13--61",
}

@book{SpinDyn,
  title={Spin Dynamics: Basics of Nuclear Magnetic Resonance},
  author={Levitt, M.H.},
  year={2008},
  publisher={Wiley}
}

@book{abragam1961,
  title={The Principles of Nuclear Magnetism},
  author={Abragam, A.},
  year={1961},
  publisher={Clarendon Press}
}

@article{PETERS20151350,
  title= {[{FeFe}]- and [{NiFe}]-hydrogenase Diversity, Mechanism, and Maturation},
journal = "Biochim. Biophys. Acta",
volume = "1853",
number = "6",
pages = "1350--1369",
year = "2015",
author = "John W. Peters and Gerrit J. Schut and Eric S. Boyd and David W. Mulder and Eric M. Shepard and Joan B. Broderick and Paul W. King and Michael W.W. Adams",
}









@article{PetersPotentials,
author = {Artz, Jacob H. and Mulder, David W. and Ratzloff, Michael W. and Lubner, Carolyn E. and Zadvornyy, Oleg A. and LeVan, Axl X. and Williams, S. Garrett and Adams, Michael W. W. and Jones, Anne K. and King, Paul W. and Peters, John W.},
  title={Reduction Potentials of [{FeFe}]-Hydrogenase Accessory Iron‚ÄìSulfur Clusters Provide Insights into the Energetics of Proton Reduction Catalysis},
journal = {J. Am. Chem. Soc.},
volume = {139},
number = {28},
pages = {9544--9550},
year = {2017},
}

@article{WATANABE20171,
  title= {[{FeFe}]-Hydrogenase and Its Organic Molecule Mimics‚ÄîArtificial and Bioengineering Application for Hydrogenproduction},
journal = "	J. Photochem. Photobiol. C: Photochem. Rev.",
volume = "33",
pages = "1--26",
year = "2017",
author = "Motonori Watanabe and Yuki Honda and Hidehisa Hagiwara and Tatsumi Ishihara",
}

@article{BrittC13,
author = {Rao, Guodong and Britt, R. David},
  title={Electronic Structure of Two Catalytic States of the [{FeFe}] Hydrogenase {H}-Cluster As Probed by Pulse Electron Paramagnetic Resonance Spectroscopy},
journal = {Inorg. Chem.},
volume = {57},
number = {17},
pages = {10935--10944},
year = {2018},
}

@article {UFLGR2017,
    author  = "Jason W. Sidabras and Tadeuz Sarna and Richard R. Mett and James S. Hyde",
    title="Uniform Field Loop-Gap Resonator and Rectangular {TE$_\text{U02}$} for Aqueous Sample {EPR} at 94~{GHz}",
    journal = "J. Magn. Reson.",
    year    = "2017",
    volume  = "282",
    pages	="129--135",
}

@MISC {hyde2004cavity,
    author    = "Hyde, James S and Mett, Richard R and Froncisz, Wojciech and Anderson, James R",
    title= {Cavity Resonator for Electron Paramagnetic Resonance Spectroscopy Having Axially Uniform Field},

    year      = "2004",
    note      = "{US Patent 6,828,789}",
    publisher = "Google Patents"
}


@article {UFLGR,
    author  = "Richard R. Mett and Jason W. Sidabras and James S. Hyde ",
    title= {Uniform Radio Fields in Loop-Gap Resonators for {EPR} Spectroscopy},
    journal = "Appl. Magn. Reson.",
    year    = "2007 ",
    volume  = "31 ",
    pages   = "573--589 "
}

@article {mett2001axially,
    author    = "Mett, Richard R and Froncisz, Wojciech and Hyde, James S",
    title= {Axially Uniform Resonant Cavity Modes for Potential Use in Electron Paramagnetic Resonance Spectroscopy},
    journal   = "Rev. Sci. Instrum.",
    year      = "2001",
    volume    = "72",
    number    = "11",
    pages     = "4188--4200",
    publisher = "AIP Publishing"
}
@article {anderson2002,
    author    = "Anderson, James R and Mett, Richard R and Hyde, James S",
    title= {Cavities with Axially Uniform Fields for Use in Electron Paramagnetic Resonance. {II}. {F}ree Space Generalization},
    journal   = "Rev. Sci. Instrum.",
    year      = "2002",
    volume    = "73",
    number    = "8",
    pages     = "3027--3037",
    publisher = "AIP Publishing"
}
@article {mett2002recav,
    author  = "Hyde, James S. and Mett, Richard R. and Anderson, James R.",
    title= {Cavities with Axially Uniform Fields for Use in Electron Paramagnetic Resonance. {III}. {R}e-entrant Geometries},
    journal = "Rev. Sci. Instrum.",
    year    = "2002",
    volume  = "73",
    number  = "11",
    pages   = "4003--4009"
}



@book{jackson1975classical,
  title={Classical Electrodynamics},
  author={Jackson, J.D.},
  year={1975},
  publisher={Wiley}
}

@BOOK {ramo1984fields,
    author    = {Ramo, S. and Whinnery, J.R. and Van Duzer, T.},
    title={Fields and Waves in Communication Electronics},
    publisher = {Wiley},
    year      = {1984}
}

@book{jin2015finite,
  title={The Finite Element Method in Electromagnetics},
  author={Jin, J.M.},
  year={2015},
  publisher={Wiley}
}

@book{sadiku2000numerical,
  title={Numerical Techniques in Electromagnetics, Second Edition},
  author={Sadiku, M.N.O.},
  isbn={9780849313950},
  lccn={00026823},
  year={2000},
  publisher={Taylor \& Francis}
}

@article{HydeUFDR2017,
author="Hyde, James S.
and Mett, Richard R.",
title={{EPR} Uniform Field Signal Enhancement by Dielectric Tubes in Cavities},
journal="Appl. Magn. Reson.",
year="2017",
month="Dec",
day="01",
volume="48",
number="11",
pages="1185--1204",
}

@article{HydeUFRev2019,
author="Hyde, James S.
and Sidabras, Jason W.
and Mett, Richard R.",
title= {Uniform Field Resonators for {EPR} Spectroscopy: {A} Review},
journal="Cell Biochemistry and Biophysics",
year="2019",
month="Mar",
day="01",
volume="77",
number="1",
pages="3--14",
}

@article{SidabrasReEnt2017,
author={Sidabras, Jason W.
and Reijerse, Edward J.
and Lubitz, Wolfgang},
title={Uniform Field Re-entrant Cylindrical {TE}01{U} Cavity for Pulse Electron Paramagnetic Resonance Spectroscopy at {Q}-band},
journal="Appl. Magn. Reson.",
year="2017",
month="Dec",
day="01",
volume="48",
number="11",
pages="1301--1314",
}

@article{EllisonWater2017,
author = {Ellison,W. J. },
  title={Permittivity of Pure Water, at Standard Atmospheric Pressure, over the Frequency Range 0‚Äì25{THz} and the Temperature Range 0‚Äì100{C}},
journal = {J. Phys. Chem. Ref. Data},
volume = {36},
number = {1},
pages = {1--18},
year = {2007},
}



@Inbook{SaturationTransfer2005,
author="Beth, Albert H.
and Hustedt, Eric J.",
editor="Eaton, Sandra R.
and Eaton, Gareth R.
and Berliner, Lawrence J.",
title= {Saturation Transfer {EPR}},
bookTitle="Biomedical EPR, Part B: Methodology, Instrumentation, and Dynamics",
year="2005",
publisher="Springer US",
pages="369--407",
}

@book{harrington1961time,
  title={Time-harmonic Electromagnetic Fields},
  author={Harrington, R.F.},
  lccn={60014221},
  year={1961},
  publisher={McGraw-Hill}
}

@book{abragam2012electron,
  title={Electron Paramagnetic Resonance of Transition Ions},
  author={Abragam, A. and Bleaney, B.},
  isbn={9780199651528},
  lccn={79513861},
  year={2012},
  publisher={Oxford Press}
}

@article{Doorslaer2007,
author ="Van Doorslaer, Sabine and Vinck, Evi",
title  ={The Strength of {EPR} and {ENDOR} Techniques in Revealing Structure‚ÄìFunction Relationships in Metalloproteins},
journal  ="Phys. Chem. Chem. Phys.",
year  ="2007",
volume  ="9",
issue  ="33",
pages  ="4620--4638",
publisher  ="The Royal Society of Chemistry",
}

@article{CUTSAIL20151370,
  title= {Advanced Paramagnetic Resonance Spectroscopies of Iron‚Äìsulfur Proteins: {E}lectron Nuclear Double Resonance ({ENDOR}) and Electron Spin Echo Envelope Modulation ({ESEEM})},
author = "George E. Cutsail and Joshua Telser and Brian M. Hoffman",
journal = "Biochim. Biophys. Acta - Mol. Cell Res.",
volume = "1853",
number = "6",
pages = "1370--1394",
year = "2015",
}

@article{NicholasCox2013,
author = {Nicholas Cox and Wolfgang Lubitz and Anton Savitsky},
  title= {{W}-band {ELDOR}-detected {NMR} ({EDNMR}) Spectroscopy As a Versatile Technique for the Characterisation of Transition Metal‚Äìligand    Interactions},
journal = {Mol. Phys.},
volume = {111},
number = {18--19},
pages = {2788--2808},
year  = {2013},
}

@article{DOLL201327,
  title= {Adiabatic and Fast Passage Ultra-wideband Inversion in Pulsed {EPR}},
journal = "J. Magn. Res.",
volume = "230",
pages = "27--39",
year = "2013",
author = "Andrin Doll and Stephan Pribitzer and Ren√© Tschaggelar and Gunnar Jeschke",
}

@article{dSegawa2015,
author = {Segawa,Takuya F.  and Doll,Andrin  and Pribitzer,Stephan  and Jeschke,Gunnar },
  title= {Copper {ESEEM} and {HYSCORE} Through Ultra-wideband Chirp {EPR} Spectroscopy},
journal = {J. Chem. Phys.},
volume = {143},
number = {4},
pages = {044201},
year = {2015},
}

@article{SPINDLER201730,
  title= {Perspectives of Shaped Pulses for {EPR} Spectroscopy},
journal = "J. Magn. Reson.",
volume = "280",
pages = "30--45",
year = "2017",
author = "Philipp E. Spindler and Philipp Sch√∂ps and Wolfgang Kallies and Steffen J. Glaser and Thomas F. Prisner",
}

@article{WILI201826,
  title= {Chirp Echo Fourier Transform {EPR}-detected {NMR}},
journal = "J. Magn. Res.",
volume = "289",
pages = "26--34",
year = "2018",
author = "Nino Wili and Gunnar Jeschke",
}

@article{PRISNER201998,
  title= {Shaping {EPR}: {P}hase and Amplitude Modulated Microwave Pulses},
journal = "J. Magn. Res.",
volume = "306",
pages = "98--101",
year = "2019",
author = "Thomas F. Prisner",
}

@book{hovmoller1981rotation,
  title={Rotation Matrices and Translation Vectors in Crystallography},
  author={Hovm{\"o}ller, S. and Taylor, C.A.},
  year={1981},
  publisher={University College Cardiff Press}
}

@article{barra1998high,
  title= {High-frequency {EPR} Spectroscopy of Large Metal Ion Clusters: From Zero Field Splitting To Quantum Tunneling of the Magnetization},
  author={Barra, Anne-Laure and Brunel, Louis-Claude and Gatteschi, Dante and Pardi, Luca and Sessoli, Roberta},
  journal={Accounts of Chem. Research},
  volume={31},
  number={8},
  pages={460--466},
  year={1998},
  publisher={ACS Publications}
}

@article{Nehrkorn13,
author = {Nehrkorn, Joscha and Martins, Berta M. and Holldack, Karsten and Stoll, Stefan and Dobbek, Holger and Bittl, Robert and Schnegg, Alexander},
  title= {Zero-field Splittings in {metHb} and {metMb} with Aquo and Fluoro Ligands: {A} {FD-FT THz-EPR} Study},
journal = {Mol. Phys.},
volume = {111},
number = {18-19},
pages = {2696--2707},
year = {2013},
}

@article{Weger1960,
author = {Weger, M.},
  title= {Passage Effects in Paramagnetic Resonance Experiments},
journal = {Bell Labs Tech. J.},
volume = {39},
number = {4},
pages = {1013--1112},
year = {1960}
}

@book{poole1967electron,
  title= {Electron Spin Resonance: a Comprehensive Treatise On Experimental Techniques},
  author={Poole, C.P.},
  year={1967},
  publisher={Interscience Publishers}
}

@article{HOULT2011329,
  title= {The Signal-to-noise Ratio of the Nuclear Magnetic Resonance Experiment},
journal = "J. Magn. Reson.",
volume = "213",
number = "2",
pages = "329--343",
year = "2011",
author = "D.I. Hoult and R.E. Richards",
}

@book{schumacher1970introduction,
  title= {Introduction to Magnetic Resonance: Principles and Applications},
  author={Schumacher, R.T.},
  year={1970},
  publisher={W. A. Benjamin}
}

@book{slichter1978principles,
  title={Principles of Magnetic Resonance},
  author={Slichter, C.P.},
  year={1978},
  publisher={Springer Berlin Heidelberg}
}

@article{Hyde1990pseudo,
author="Hyde, J. S.
and Pasenkiewicz-Gierula, M.
and Jesmanowicz, A.
and Antholine, W. E.",
title= {Pseudo Field Modulation in {EPR} Spectroscopy},
journal="Appl. Magn. Reson.",
year="1990",
month="Dec",
day="01",
volume="1",
number="3",
pages="483",
}

@article{Shane1994SingleCrystalESEEM,
author="Shane, J. J.
and van der Heijden, P. A. A. W.
and Reijerse, E. J.
and de Boer, E.",
title= {An {ESEEM} Investigation of Single Crystals and Powders of Copper-dopedl-histidine Hydrochloride Monohydrate},
journal="App. Magn. Reson.",
year="1994",
month="Apr",
day="01",
volume="6",
number="3",
pages="427--454",
}

@article{Reijerse13C2019,
author = {Reijerse, Edward J. and Pelmenschikov, Vladimir and Birrell, James A. and Richers, Casseday P. and Kaupp, Martin and Rauchfuss, Thomas B. and Cramer, Stephen P. and Lubitz, Wolfgang},
  title= {Asymmetry in the Ligand Coordination Sphere of the {[FeFe]} Hydrogenase Active Site is Reflected in the Magnetic Spin Interactions of  the Aza-propanedithiolate Ligand},
journal = {J. Phys. Chem. Lett.},
volume = {10},
pages = {6794--6799},
year = {2019},
}

@article{METT2019106585,
  title= {Rutile Dielectric Loop-gap Resonator for X-band EPR Spectroscopy of Small Aqueous Samples},
journal = "J. Magn. Reson.",
volume = "307",
pages = "106585",
year = "2019",
author = "Richard R. Mett and Jason W. Sidabras and James R. Anderson and Candice S. Klug and James S. Hyde",
}

@phdthesis{Brecht2001,
    title    = {Hochfeld- und {P}uls-{EPR}-{U}ntersuchungen an der {K}ofaktoren von [{NiFe}]-{H}ydrogenasen: {B}eitr\"{a}ge zur {K}l\"{a}rung des {M}echanismusses der biologischen {W}asserstoffspaltung},
    school   = {Technischen Universit\"{a}t Berlin},
    author   = {Brecht, Marc Torsten J\"[o}rg },
    year     = {2001}, %other attributes omitted
}

@article{Kriminskien0056,
author = "Kriminski, S. and Caylor, C. L. and Nonato, M. C. and Finkelstein, K. D. and Thorne, R. E.",
  title= {Flash-cooling and Annealing of Protein Crystals},
journal = "Acta Cryst. D",
year = "2002",
volume = "58",
number = "3",
pages = "459--471",
month = "Mar",
}

@book{blundell1976protein,
  title={Protein Crystallography},
  author={Blundell, Tom L and Johnson, Louise N},
  year={1976},
  publisher={Academic Press}
}

@book{harriman1978theoretical,
  title={Theoretical Foundations of Electron Spin Resonance},
  author={Harriman, J.E.},
  year={1978},
  publisher={Academic Press}
}

@book{griffith1964theory,
  title={The Theory of Transition-Metal Ions},
  publisher={Cambridge University Press},
  author={Griffith, J.S.},
  year={1964},
}

@article{quadref,
author = {Townes,C. H.  and Dailey,B. P. },
  title={Determination of Electronic Structure of Molecules from Nuclear Quadrupole Effects},
journal = {J. Chem. Phys.},
volume = {17},
number = {9},
pages = {782--796},
year = {1949},
}