% Encoding: UTF-8
@Article{Sidabras2017,
  author          = {Sidabras, Jason W and Mett, Richard R and Hyde, James S},
  title           = {{Extruded dielectric sample tubes of complex cross section for EPR signal enhancement of aqueous samples.}},
  journal         = {J. Magn. Reson.},
  year            = {2017},
  volume          = {277},
  month           = apr,
  pages           = {45--51},
  issn            = {1096-0856},
  doi             = {10.1016/j.jmr.2017.02.009},
  __markedentry   = {[sidabras:6]},
  chemicals       = {Water, Polytetrafluoroethylene},
  citation-subset = {IM},
  completed       = {2019-07-05},
  country         = {United States},
  issn-linking    = {1090-7807},
  keywords        = {Computer Simulation; Electromagnetic Fields; Electron Spin Resonance Spectroscopy, methods; Finite Element Analysis; Microwaves; Polytetrafluoroethylene; Water, chemistry; Aqueous samples; Cylindrical symmetry; Electron paramagnetic resonance; Loop-gap resonator; Multi-lumen sample holders},
  mid             = {NIHMS915303},
  nlm-id          = {9707935},
  owner           = {NLM},
  pii             = {S1090-7807(17)30037-X},
  pmc             = {PMC5674976},
  pmid            = {28226294},
  pubmodel        = {Print-Electronic},
  pubstatus       = {ppublish},
  revised         = {2019-07-05},
}

@Article{Sidabras2019,
  author          = {Sidabras, Jason W and Duan, Jifu and Winkler, Martin and Happe, Thomas and Hussein, Rana and Zouni, Athina and Suter, Dieter and Schnegg, Alexander and Lubitz, Wolfgang and Reijerse, Edward J},
  title           = {{Extending electron paramagnetic resonance to nanoliter volume protein single crystals using a self-resonant microhelix.}},
  journal         = {Sci. Adv.},
  year            = {2019},
  volume          = {5},
  issue           = {10},
  month           = oct,
  pages           = {eaay1394},
  issn            = {2375-2548},
  doi             = {10.1126/sciadv.aay1394},
  __markedentry   = {[sidabras:6]},
  citation-subset = {IM},
  country         = {United States},
  issn-linking    = {2375-2548},
  nlm-id          = {101653440},
  owner           = {NLM},
  pii             = {aay1394},
  pmc             = {PMC6777973},
  pmid            = {31620561},
  pubmodel        = {Electronic-eCollection},
  pubstatus       = {epublish},
  revised         = {2019-10-17},
}

@Article{Sidabras2017a,
  author          = {Sidabras, Jason W and Sarna, Tadeusz and Mett, Richard R and Hyde, James S},
  title           = {{Uniform field loop-gap resonator and rectangular TE, javax.xml.bind.JAXBElement@35dbe261, for aqueous sample EPR at 94GHz.}},
  journal         = {J. Magn. Reson},
  year            = {2017},
  volume          = {282},
  month           = sep,
  pages           = {129--135},
  issn            = {1096-0856},
  doi             = {10.1016/j.jmr.2017.08.001},
  __markedentry   = {[sidabras:6]},
  chemicals       = {Fluorescent Dyes, Indoles, Water, Rose Bengal, Polytetrafluoroethylene, phthalocyanine},
  citation-subset = {IM},
  completed       = {2019-07-05},
  country         = {United States},
  issn-linking    = {1090-7807},
  keywords        = {Algorithms; Electromagnetic Fields; Electron Spin Resonance Spectroscopy, instrumentation, methods; Equipment Design; Finite Element Analysis; Fluorescent Dyes, chemistry, radiation effects; Indoles, chemistry; Microwaves; Polytetrafluoroethylene; Rose Bengal, chemistry, radiation effects; Water, chemistry; Aqueous samples; Electron paramagnetic resonance spectroscopy; High frequency; Light access; Microwaves; Uniform field cavity},
  mid             = {NIHMS899358},
  nlm-id          = {9707935},
  owner           = {NLM},
  pii             = {S1090-7807(17)30198-2},
  pmc             = {PMC5793860},
  pmid            = {28803092},
  pubmodel        = {Print-Electronic},
  pubstatus       = {ppublish},
  revised         = {2019-07-05},
}

@Article{Sidabras2017b,
  author          = {Sidabras, Jason W and Richie, James E and Hyde, James S},
  title           = {{Axially uniform magnetic field-modulation excitation for electron paramagnetic resonance in rectangular and cylindrical cavities by slot cutting.}},
  journal         = {J. Magn. Reson},
  year            = {2017},
  volume          = {274},
  month           = jan,
  pages           = {115--124},
  issn            = {1096-0856},
  doi             = {10.1016/j.jmr.2016.11.014},
  __markedentry   = {[sidabras:6]},
  citation-subset = {IM},
  completed       = {2018-11-19},
  country         = {United States},
  issn-linking    = {1090-7807},
  keywords        = {Algorithms; Electromagnetic Fields; Electron Spin Resonance Spectroscopy, methods; Equipment Design; Microwaves; Normal Distribution; Boundary conditions; Dyadic Greenâ€™s functions; Eigenvalues and eigenfunctions; Electromagnetic fields; Electron paramagnetic resonance; Waveguide evanescent modes},
  mid             = {NIHMS833898},
  nlm-id          = {9707935},
  owner           = {NLM},
  pii             = {S1090-7807(16)30249-X},
  pmc             = {PMC5652332},
  pmid            = {27915179},
  pubmodel        = {Print-Electronic},
  pubstatus       = {ppublish},
  revised         = {2018-11-19},
}

@Article{Sidabras2017c,
  author        = {Sidabras, Jason W and Reijerse, Edward J and Lubitz, Wolfgang},
  title         = {{Uniform Field Re-entrant Cylindrical TE[Formula: see text] Cavity for Pulse Electron Paramagnetic Resonance Spectroscopy at Q-band.}},
  journal       = {Appl. Magn. Reson.},
  year          = {2017},
  volume        = {48},
  issue         = {11},
  pages         = {1301--1314},
  issn          = {0937-9347},
  doi           = {10.1007/s00723-017-0955-0},
  __markedentry = {[sidabras:6]},
  country       = {Austria},
  issn-linking  = {0937-9347},
  nlm-id        = {9204100},
  owner         = {NLM},
  pii           = {955},
  pmc           = {PMC5668368},
  pmid          = {29151677},
  pubmodel      = {Print-Electronic},
  pubstatus     = {ppublish},
  revised       = {2019-07-03},
}

@Article{Sidabras2016,
  author          = {Sidabras, Jason W and Strangeway, Robert A and Mett, Richard R and Anderson, James R and Mainali, Laxman and Hyde, James S},
  title           = {{Hyperbolic-cosine waveguide tapers and oversize rectangular waveguide for reduced broadband insertion loss in W-band electron paramagnetic resonance spectroscopy. II. Broadband characterization.}},
  journal         = {Rev. Sci. Instrum.},
  year            = {2016},
  volume          = {87},
  issue           = {3},
  month           = mar,
  pages           = {034704},
  issn            = {1089-7623},
  doi             = {10.1063/1.4942642},
  __markedentry   = {[sidabras:6]},
  citation-subset = {IM},
  completed       = {2016-12-30},
  country         = {United States},
  issn-linking    = {0034-6748},
  keywords        = {Electron Spin Resonance Spectroscopy, instrumentation, methods; Equipment Design; Microwaves},
  nlm-id          = {0405571},
  owner           = {NLM},
  pmc             = {PMC4798996},
  pmid            = {27036800},
  pubmodel        = {Print},
  pubstatus       = {ppublish},
  revised         = {2018-11-13},
}

@Article{Hyde2013,
  author          = {Hyde, James S and Bennett, Brian and Kittell, Aaron W and Kowalski, Jason M and Sidabras, Jason W},
  title           = {{Moving difference (MDIFF) non-adiabatic rapid sweep (NARS) EPR of copper(II).}},
  journal         = {J. Magn. Reson},
  year            = {2013},
  volume          = {236},
  month           = nov,
  pages           = {15--25},
  issn            = {1096-0856},
  doi             = {10.1016/j.jmr.2013.08.004},
  __markedentry   = {[sidabras:6]},
  chemicals       = {Copper Radioisotopes, Imidazoles, Ligands, Nitrogen Oxides, Copper},
  citation-subset = {IM},
  completed       = {2014-06-17},
  country         = {United States},
  issn-linking    = {1090-7807},
  keywords        = {Absorption; Algorithms; Copper, chemistry; Copper Radioisotopes; Electromagnetic Fields; Electron Spin Resonance Spectroscopy, methods; Fourier Analysis; Imidazoles, chemistry; Ligands; Microwaves; Nitrogen Oxides, chemistry; Nonlinear Dynamics; Signal Processing, Computer-Assisted; Signal-To-Noise Ratio; Biological copper; Direct detection; EPR; ESR; MDIFF; Moving average; NARS; Non-adiabatic rapid sweep},
  mid             = {NIHMS524829},
  nlm-id          = {9707935},
  owner           = {NLM},
  pii             = {S1090-7807(13)00200-0},
  pmc             = {PMC3919454},
  pmid            = {24036469},
  pubmodel        = {Print-Electronic},
  pubstatus       = {ppublish},
  revised         = {2018-11-13},
}

@Article{Sidabras2014,
  author          = {Sidabras, Jason W and Varanasi, Shiv K and Mett, Richard R and Swarts, Steven G and Swartz, Harold M and Hyde, James S},
  title           = {{A microwave resonator for limiting depth sensitivity for electron paramagnetic resonance spectroscopy of surfaces.}},
  journal         = {Rev. Sci. Instrum.},
  year            = {2014},
  volume          = {85},
  issue           = {10},
  month           = oct,
  pages           = {104707},
  issn            = {1089-7623},
  doi             = {10.1063/1.4898179},
  __markedentry   = {[sidabras:6]},
  citation-subset = {IM},
  completed       = {2015-10-22},
  country         = {United States},
  issn-linking    = {0034-6748},
  keywords        = {Electron Spin Resonance Spectroscopy, instrumentation; Equipment Design; Humans; Microwaves; Models, Theoretical; Nails, chemistry; Surface Properties},
  nlm-id          = {0405571},
  owner           = {NLM},
  pmc             = {PMC4201662},
  pmid            = {25362434},
  pubmodel        = {Print},
  pubstatus       = {ppublish},
  revised         = {2019-01-08},
}

@Article{Sidabras2007,
  author          = {Sidabras, Jason W and Mett, Richard R and Froncisz, Wojciech and Camenisch, Theodore G and Anderson, James R and Hyde, James S},
  title           = {{Multipurpose EPR loop-gap resonator and cylindrical TE011 cavity for aqueous samples at 94 GHz.}},
  journal         = {Rev. Sci. Instrum.},
  year            = {2007},
  volume          = {78},
  issue           = {3},
  month           = mar,
  pages           = {034701},
  issn            = {0034-6748},
  doi             = {10.1063/1.2709746},
  __markedentry   = {[sidabras:6]},
  chemicals       = {Cyclic N-Oxides, Solutions, Water, TEMPO},
  citation-subset = {IM},
  completed       = {2007-06-19},
  country         = {United States},
  issn-linking    = {0034-6748},
  keywords        = {Cyclic N-Oxides, analysis; Electron Spin Resonance Spectroscopy, instrumentation; Solutions, chemistry; Water, chemistry},
  nlm-id          = {0405571},
  owner           = {NLM},
  pmid            = {17411204},
  pubmodel        = {Print},
  pubstatus       = {ppublish},
  revised         = {2016-10-19},
}

@Article{Mett2019,
  author          = {Mett, Richard R and Sidabras, Jason W and Anderson, James R and Klug, Candice S and Hyde, James S},
  title           = {{Rutile dielectric loop-gap resonator for X-band EPR spectroscopy of small aqueous samples.}},
  journal         = {J. Magn. Reson.},
  year            = {2019},
  volume          = {307},
  month           = oct,
  pages           = {106585},
  issn            = {1096-0856},
  doi             = {10.1016/j.jmr.2019.106585},
  __markedentry   = {[sidabras:6]},
  citation-subset = {IM},
  country         = {United States},
  issn-linking    = {1090-7807},
  keywords        = {Dielectric resonator; Electron paramagnetic resonance; Inductively coupled; Loop-gap resonator; Single crystal and polycrystalline rutile},
  nlm-id          = {9707935},
  owner           = {NLM},
  pii             = {S1090-7807(19)30224-1},
  pmid            = {31499469},
  pubmodel        = {Print-Electronic},
  pubstatus       = {ppublish},
  revised         = {2019-10-08},
}

@Article{Zadlo2019,
  author          = {Zadlo, Andrzej and Szewczyk, Grzegorz and Sarna, Michal and Camenisch, Theodore G and Sidabras, Jason W and Ito, Shosuke and Wakamatsu, Kazumasa and Sagan, Filip and Mitoraj, Mariusz and Sarna, Tadeusz},
  title           = {{Photobleaching of pheomelanin increases its phototoxic potential: Physicochemical studies of synthetic pheomelanin subjected to aerobic photolysis.}},
  journal         = {Pigment Cell Melanoma Res.},
  year            = {2019},
  volume          = {32},
  issue           = {3},
  month           = may,
  pages           = {359--372},
  issn            = {1755-148X},
  doi             = {10.1111/pcmr.12752},
  __markedentry   = {[sidabras:6]},
  chemicals       = {Melanins, Reactive Oxygen Species, pheomelanin, Singlet Oxygen},
  citation-subset = {IM},
  completed       = {2019-07-16},
  country         = {England},
  issn-linking    = {1755-1471},
  keywords        = {Humans; Melanins, chemistry, metabolism, radiation effects; Photobleaching; Photolysis; Reactive Oxygen Species, chemistry, metabolism; Singlet Oxygen, chemistry, metabolism; Ultraviolet Rays; oxidative modifications; pheomelanin; photobleaching; photoreactivity; singlet oxygen},
  nlm-id          = {101318927},
  owner           = {NLM},
  pmid            = {30457208},
  pubmodel        = {Print-Electronic},
  pubstatus       = {ppublish},
  revised         = {2019-07-16},
}

@Article{Hyde2019,
  author          = {Hyde, James S and Sidabras, Jason W and Mett, Richard R},
  title           = {{Uniform Field Resonators for EPR Spectroscopy: A Review.}},
  journal         = {Cell Biochem. Biophys.},
  year            = {2019},
  volume          = {77},
  issue           = {1},
  month           = mar,
  pages           = {3--14},
  issn            = {1559-0283},
  doi             = {10.1007/s12013-018-0845-6},
  __markedentry   = {[sidabras:6]},
  citation-subset = {IM},
  completed       = {2019-04-05},
  country         = {United States},
  issn-linking    = {1085-9195},
  keywords        = {Electron Spin Resonance Spectroscopy, instrumentation, methods; Equipment Design; Magnetic Fields; Microwaves; Dielectric tube resonator; EPR; Q-band; Ridge waveguide; Uniform field; W-band},
  mid             = {NIHMS977720},
  nlm-id          = {9701934},
  owner           = {NLM},
  pii             = {10.1007/s12013-018-0845-6},
  pmc             = {PMC6309773},
  pmid            = {29943362},
  pubmodel        = {Print-Electronic},
  pubstatus       = {ppublish},
  revised         = {2019-04-05},
}

@Article{Swarts2018,
  author          = {Swarts, Steven G and Sidabras, Jason W and Grinberg, Oleg and Tipikin, Dmitriy S and Kmiec, Maciej M and Petryakov, Sergey V and Schreiber, Wilson and Wood, Victoria A and Williams, Benjamin B and Flood, Ann Barry and Swartz, Harold M},
  title           = {{Developments in Biodosimetry Methods for Triage With a Focus on X-band Electron Paramagnetic Resonance In Vivo Fingernail Dosimetry.}},
  journal         = {Health Phys.},
  year            = {2018},
  volume          = {115},
  issue           = {1},
  month           = jul,
  pages           = {140--150},
  issn            = {1538-5159},
  doi             = {10.1097/HP.0000000000000874},
  __markedentry   = {[sidabras:6]},
  citation-subset = {IM},
  completed       = {2018-08-14},
  country         = {United States},
  issn-linking    = {0017-9078},
  keywords        = {Biological Assay, methods; Electron Spin Resonance Spectroscopy, methods; Humans; Mechanotransduction, Cellular, radiation effects; Nails, chemistry, radiation effects; Radiation Dosage; Radiometry, methods; Triage, standards},
  mid             = {NIHMS946206},
  nlm-id          = {2985093R},
  owner           = {NLM},
  pii             = {00004032-201807000-00017},
  pmc             = {PMC5967651},
  pmid            = {29787440},
  pubmodel        = {Print},
  pubstatus       = {ppublish},
  revised         = {2019-07-01},
}

@Article{Mett2016,
  author        = {Mett, Richard R and Sidabras, Jason W and Hyde, James S},
  title         = {{MRI surface-coil pair with strong inductive coupling.}},
  journal       = {Rev. Sci. Instrum.},
  year          = {2016},
  volume        = {87},
  issue         = {12},
  month         = dec,
  pages         = {124704},
  issn          = {1089-7623},
  doi           = {10.1063/1.4972391},
  __markedentry = {[sidabras:6]},
  completed     = {2018-01-29},
  country       = {United States},
  issn-linking  = {0034-6748},
  nlm-id        = {0405571},
  owner         = {NLM},
  pmc           = {PMC5201604},
  pmid          = {28040909},
  pubmodel      = {Print},
  pubstatus     = {ppublish},
  revised       = {2018-11-13},
}

@Article{Tipikin2016,
  author          = {Tipikin, Dmitriy S and Swarts, Steven G and Sidabras, Jason W and Trompier, FranÃ§ois and Swartz, Harold M},
  title           = {{Possible nature of the radiation-induced signal in nails: High-field EPR, confirming chemical synthesis, and quantum chemical calculations.}},
  journal         = {Radiat. Prot. Dosim.},
  year            = {2016},
  volume          = {172},
  issue           = {1-3},
  month           = dec,
  pages           = {112--120},
  issn            = {1742-3406},
  doi             = {10.1093/rpd/ncw216},
  __markedentry   = {[sidabras:6]},
  chemicals       = {Biomarkers},
  citation-subset = {IM},
  completed       = {2018-02-07},
  country         = {England},
  issn-linking    = {0144-8420},
  keywords        = {Biological Assay, methods; Biomarkers, analysis; Computer Simulation; Electron Spin Resonance Spectroscopy, methods; Humans; Models, Biological; Models, Chemical; Nails, chemistry, radiation effects; Quantum Theory; Radiation Monitoring, methods; Reproducibility of Results; Sensitivity and Specificity},
  nlm-id          = {8109958},
  owner           = {NLM},
  pii             = {ncw216},
  pmc             = {PMC5225972},
  pmid            = {27522053},
  pubmodel        = {Print-Electronic},
  pubstatus       = {ppublish},
  revised         = {2018-11-13},
}

@Article{Grinberg2016,
  author          = {Grinberg, Oleg and Sidabras, Jason W and Tipikin, Dmitriy S and Krymov, Vladimir and Mariani, Michael and Feldman, Matthew M and Kmiec, Maciej M and Petryakov, Sergey V and Brugger, Spencer and Carr, Brandon and Schreiber, Wilson and Swarts, Steven G and Swartz, Harold M},
  title           = {{Dielectric-Backed Aperture Resonators for X-Band in vivo EPR Nail Dosimetry.}},
  journal         = {Radiat. Prot. Dosim.},
  year            = {2016},
  volume          = {172},
  issue           = {1-3},
  month           = dec,
  pages           = {121--126},
  issn            = {1742-3406},
  doi             = {10.1093/rpd/ncw163},
  __markedentry   = {[sidabras:6]},
  citation-subset = {IM},
  completed       = {2018-02-07},
  country         = {England},
  issn-linking    = {0144-8420},
  keywords        = {Biological Assay, instrumentation; Electric Impedance; Electron Spin Resonance Spectroscopy, instrumentation; Equipment Design; Equipment Failure Analysis; Humans; Microwaves; Nails, chemistry, radiation effects; Radiometry, instrumentation; Reproducibility of Results; Sensitivity and Specificity; Transducers},
  nlm-id          = {8109958},
  owner           = {NLM},
  pii             = {ncw163},
  pmc             = {PMC5225980},
  pmid            = {27412507},
  pubmodel        = {Print-Electronic},
  pubstatus       = {ppublish},
  revised         = {2018-11-13},
}

@Article{Strangeway2017,
  author          = {Strangeway, Robert A and Hyde, James S and Camenisch, Theodore G and Sidabras, Jason W and Mett, Richard R and Anderson, James R and Ratke, Joseph J and Subczynski, Witold K},
  title           = {{Broadband W-band Rapid Frequency Sweep Considerations for Fourier Transform EPR.}},
  journal         = {Cell Biochem. Biophys.},
  year            = {2017},
  volume          = {75},
  issue           = {3-4},
  month           = dec,
  pages           = {259--273},
  issn            = {1559-0283},
  doi             = {10.1007/s12013-017-0804-7},
  __markedentry   = {[sidabras:6]},
  citation-subset = {IM},
  completed       = {2017-12-21},
  country         = {United States},
  issn-linking    = {1085-9195},
  keywords        = {Electron Spin Resonance Spectroscopy, instrumentation, methods; Fourier Analysis; Microwaves; Signal-To-Noise Ratio; Automatic frequency control (AFC); EPR; Fourier transform (FT) EPR; Free-induction decay (FID); Loop-gap resonator; Saturation recovery; W-band},
  mid             = {NIHMS880363},
  nlm-id          = {9701934},
  owner           = {NLM},
  pii             = {10.1007/s12013-017-0804-7},
  pmc             = {PMC5693649},
  pmid            = {28555359},
  pubmodel        = {Print-Electronic},
  pubstatus       = {ppublish},
  revised         = {2019-10-08},
}

@Article{Froncisz2008,
  author          = {Froncisz, Wojciech and Camenisch, Theodore G and Ratke, Joseph J and Anderson, James R and Subczynski, Witold K and Strangeway, Robert A and Sidabras, Jason W and Hyde, James S},
  title           = {{Saturation recovery EPR and ELDOR at W-band for spin labels.}},
  journal         = {J. Magn. Reson},
  year            = {2008},
  volume          = {193},
  issue           = {2},
  month           = aug,
  pages           = {297--304},
  issn            = {1096-0856},
  doi             = {10.1016/j.jmr.2008.05.008},
  __markedentry   = {[sidabras:6]},
  chemicals       = {Spin Labels},
  citation-subset = {IM},
  completed       = {2008-11-12},
  country         = {United States},
  issn-linking    = {1090-7807},
  keywords        = {Electromagnetic Phenomena, instrumentation, methods; Electron Spin Resonance Spectroscopy, instrumentation, methods; Equipment Design; Equipment Failure Analysis; Microwaves; Spin Labels},
  mid             = {NIHMS64739},
  nlm-id          = {9707935},
  owner           = {NLM},
  pii             = {S1090-7807(08)00164-X},
  pmc             = {PMC2561891},
  pmid            = {18547848},
  pubmodel        = {Print-Electronic},
  pubstatus       = {ppublish},
  revised         = {2018-11-13},
}

@Article{Li2015,
  author          = {Li, Rupeng and Liu, Xiping and Sidabras, Jason W and Paulson, Eric S and Jesmanowicz, Andrzej and Nencka, Andrew S and Hudetz, Anthony G and Hyde, James S},
  title           = {{Restoring susceptibility induced MRI signal loss in rat brain at 9.4 T: A step towards whole brain functional connectivity imaging.}},
  journal         = {PLoS One},
  year            = {2015},
  volume          = {10},
  issue           = {4},
  pages           = {e0119450},
  issn            = {1932-6203},
  doi             = {10.1371/journal.pone.0119450},
  __markedentry   = {[sidabras:6]},
  chemicals       = {Fluorocarbons},
  citation-subset = {IM},
  completed       = {2016-04-05},
  country         = {United States},
  issn-linking    = {1932-6203},
  keywords        = {Animals; Brain, diagnostic imaging, physiology; Brain Mapping, methods, veterinary; Ear, Middle, chemistry; Echo-Planar Imaging, methods, veterinary; Fluorocarbons, administration & dosage; Image Processing, Computer-Assisted, methods; Radiography; Rats},
  nlm-id          = {101285081},
  owner           = {NLM},
  pii             = {PONE-D-14-44407},
  pmc             = {PMC4386820},
  pmid            = {25844644},
  pubmodel        = {Electronic-eCollection},
  pubstatus       = {epublish},
  revised         = {2018-11-13},
}

@Article{Sidabras2005,
  author          = {Sidabras, Jason W and Mett, Richard R and Hyde, James S},
  title           = {{Aqueous flat-cells perpendicular to the electric field for use in electron paramagnetic resonance spectroscopy, II: design.}},
  journal         = {J. Magn. Reson},
  year            = {2005},
  volume          = {172},
  issue           = {2},
  month           = feb,
  pages           = {333--341},
  issn            = {1090-7807},
  doi             = {10.1016/j.jmr.2004.11.006},
  __markedentry   = {[sidabras:6]},
  chemicals       = {Water, Polytetrafluoroethylene},
  citation-subset = {IM},
  completed       = {2005-03-17},
  country         = {United States},
  issn-linking    = {1090-7807},
  keywords        = {Computer-Aided Design; Electromagnetic Fields; Electron Spin Resonance Spectroscopy, instrumentation; Equipment Design; Finite Element Analysis; Microwaves; Models, Theoretical; Polytetrafluoroethylene; Water, chemistry},
  nlm-id          = {9707935},
  owner           = {NLM},
  pii             = {S1090-7807(04)00372-6},
  pmid            = {15649761},
  pubmodel        = {Print},
  pubstatus       = {ppublish},
  revised         = {2016-10-19},
}

@Article{Mainali2014,
  author        = {Mainali, Laxman and Sidabras, Jason W and Camenisch, Theodore G and Ratke, Joseph J and Raguz, Marija and Hyde, James S and Subczynski, Witold K},
  title         = {{Spin-label W-band EPR with seven-loop-six-gap resonator: Application to lens membranes derived from eyes of a single donor.}},
  journal       = {Appl. Magn. Reson.},
  year          = {2014},
  volume        = {45},
  issue         = {12},
  month         = dec,
  pages         = {1343--1358},
  issn          = {0937-9347},
  doi           = {10.1007/s00723-014-0578-7},
  __markedentry = {[sidabras:6]},
  country       = {Austria},
  issn-linking  = {0937-9347},
  keywords      = {Eye lens; Loop-gap resonator; Membrane; Saturation recovery; Spin-label; W-band},
  mid           = {NIHMS627952},
  nlm-id        = {9204100},
  owner         = {NLM},
  pmc           = {PMC4273494},
  pmid          = {25541571},
  pubmodel      = {Print},
  pubstatus     = {ppublish},
  revised       = {2019-07-03},
}

@Article{He2014,
  author          = {He, Xiaoming and Swarts, Steven G and Demidenko, Eugene and Flood, Ann B and Grinberg, Oleg and Gui, Jiang and Mariani, Michael and Marsh, Stephen D and Ruuge, Andres E and Sidabras, Jason W and Tipikin, Dmitry and Wilcox, Dean E and Swartz, Harold M},
  title           = {{Development and validation of an ex vivo electron paramagnetic resonance fingernail biodosimetric method.}},
  journal         = {Radiat. Prot. Dosim.},
  year            = {2014},
  volume          = {159},
  issue           = {1-4},
  month           = jun,
  pages           = {172--181},
  issn            = {1742-3406},
  doi             = {10.1093/rpd/ncu129},
  __markedentry   = {[sidabras:6]},
  citation-subset = {IM},
  completed       = {2015-03-10},
  country         = {England},
  issn-linking    = {0144-8420},
  keywords        = {Biological Assay, methods; Electron Spin Resonance Spectroscopy, methods; Humans; Mechanotransduction, Cellular, radiation effects; Nails, chemistry, radiation effects; Radiation Dosage; Radiometry, methods},
  nlm-id          = {8109958},
  owner           = {NLM},
  pii             = {ncu129},
  pmc             = {PMC4095917},
  pmid            = {24803513},
  pubmodel        = {Print-Electronic},
  pubstatus       = {ppublish},
  revised         = {2018-11-13},
}

@Article{Swartz2012,
  author          = {Swartz, Harold M and Flood, Ann Barry and Williams, Benjamin B and Dong, Ruhong and Swarts, Steven G and He, Xiaoming and Grinberg, Oleg and Sidabras, Jason and Demidenko, Eugene and Gui, Jiang and Gladstone, David J and Jarvis, Lesley A and Kmiec, Maciej M and Kobayashi, Kyo and Lesniewski, Piotr N and Marsh, Stephen D P and Matthews, Thomas P and Nicolalde, Roberto J and Pennington, Patrick M and Raynolds, Timothy and Salikhov, Ildar and Wilcox, Dean E and Zaki, Bassem I},
  title           = {{Electron paramagnetic resonance dosimetry for a large-scale radiation incident.}},
  journal         = {Health Phys.},
  year            = {2012},
  volume          = {103},
  issue           = {3},
  month           = sep,
  pages           = {255--267},
  issn            = {1538-5159},
  doi             = {10.1097/HP.0b013e3182588d92},
  __markedentry   = {[sidabras:6]},
  citation-subset = {IM},
  completed       = {2012-10-11},
  country         = {United States},
  issn-linking    = {0017-9078},
  keywords        = {Artifacts; Electron Spin Resonance Spectroscopy, instrumentation, methods; Environmental Exposure, analysis; Humans; Mechanical Phenomena; Nails, radiation effects; Radioactive Hazard Release; Radiometry, instrumentation, methods; Tooth, radiation effects; Triage},
  mid             = {NIHMS375367},
  nlm-id          = {2985093R},
  owner           = {NLM},
  pii             = {00004032-201209000-00004},
  pmc             = {PMC3649772},
  pmid            = {22850230},
  pubmodel        = {Print},
  pubstatus       = {ppublish},
  revised         = {2018-11-13},
}

@Article{He2011,
  author        = {He, Xiaoming and Gui, Jiang and Matthews, Thomas P and Williams, Benjamin B and Swarts, Steven G and Grinberg, Oleg and Sidabras, Jason and Wilcox, Dean E and Swartz, Harold M},
  title         = {{Advances towards using finger/toenail dosimetry to triage a large population after potential exposure to ionizing radiation.}},
  journal       = {Radiat. Meas.},
  year          = {2011},
  volume        = {46},
  issue         = {9},
  month         = sep,
  pages         = {882--887},
  issn          = {1350-4487},
  __markedentry = {[sidabras:6]},
  country       = {England},
  issn-linking  = {1350-4487},
  mid           = {NIHMS301434},
  nlm-id        = {9890953},
  owner         = {NLM},
  pmc           = {PMC3223932},
  pmid          = {22125410},
  pubmodel      = {Print},
  pubstatus     = {ppublish},
  revised       = {2019-01-08},
}

@Article{Kittell2011,
  author          = {Kittell, Aaron W and Camenisch, Theodore G and Ratke, Joseph J and Sidabras, Jason W and Hyde, James S},
  title           = {{Detection of undistorted continuous wave (CW) electron paramagnetic resonance (EPR) spectra with non-adiabatic rapid sweep (NARS) of the magnetic field.}},
  journal         = {J. Magn. Reson},
  year            = {2011},
  volume          = {211},
  issue           = {2},
  month           = aug,
  pages           = {228--233},
  issn            = {1096-0856},
  doi             = {10.1016/j.jmr.2011.06.004},
  __markedentry   = {[sidabras:6]},
  chemicals       = {Cyclic N-Oxides, Indicators and Reagents, Nitrogen Oxides, Spin Labels, tempol},
  citation-subset = {IM},
  completed       = {2011-12-05},
  country         = {United States},
  issn-linking    = {1090-7807},
  keywords        = {Algorithms; Cyclic N-Oxides, chemistry; Data Interpretation, Statistical; Electromagnetic Fields; Electron Spin Resonance Spectroscopy, methods, statistics & numerical data; Indicators and Reagents; Nitrogen Oxides, chemistry; Signal Processing, Computer-Assisted; Spin Labels},
  mid             = {NIHMS310600},
  nlm-id          = {9707935},
  owner           = {NLM},
  pii             = {S1090-7807(11)00191-1},
  pmc             = {PMC3148028},
  pmid            = {21741868},
  pubmodel        = {Print-Electronic},
  pubstatus       = {ppublish},
  revised         = {2018-11-13},
}

@Article{Pollock2010,
  author          = {Pollock, Jennifer D and Williams, Benjamin B and Sidabras, Jason W and Grinberg, Oleg and Salikhov, Ildar and Lesniewski, Piotr and Kmiec, Maciej and Swartz, Harold M},
  title           = {{Surface loop resonator design for in vivo EPR tooth dosimetry using finite element analysis.}},
  journal         = {Health Phys.},
  year            = {2010},
  volume          = {98},
  issue           = {2},
  month           = feb,
  pages           = {339--344},
  issn            = {1538-5159},
  doi             = {10.1097/HP.0b013e3181a6dd08},
  __markedentry   = {[sidabras:6]},
  citation-subset = {IM},
  completed       = {2010-02-02},
  country         = {United States},
  issn-linking    = {0017-9078},
  keywords        = {Animals; Biological Assay, instrumentation; Computer Simulation; Computer-Aided Design; Dose-Response Relationship, Radiation; Electron Spin Resonance Spectroscopy, instrumentation; Equipment Design; Equipment Failure Analysis; Finite Element Analysis; Humans; Mass Screening, instrumentation; Models, Biological; Radiation Dosage; Radiometry, instrumentation; Reproducibility of Results; Sensitivity and Specificity; Tooth, chemistry, radiation effects; Transducers},
  mid             = {NIHMS513723},
  nlm-id          = {2985093R},
  owner           = {NLM},
  pii             = {00004032-201002000-00034},
  pmc             = {PMC4086293},
  pmid            = {20065703},
  pubmodel        = {Print},
  pubstatus       = {ppublish},
  revised         = {2018-11-13},
}

@Article{Hyde2009,
  author          = {Hyde, James S and Bennett, Brian and Walter, Eric D and Millhauser, Glenn L and Sidabras, Jason W and Antholine, William E},
  title           = {{EPR of Cu2+ prion protein constructs at 2 GHz using the g(perpendicular) region to characterize nitrogen ligation.}},
  journal         = {Biophys. J.},
  year            = {2009},
  volume          = {96},
  issue           = {8},
  month           = apr,
  pages           = {3354--3362},
  issn            = {1542-0086},
  doi             = {10.1016/j.bpj.2009.01.034},
  __markedentry   = {[sidabras:6]},
  chemicals       = {Organometallic Compounds, Prions, Histidine, Copper, copper histidine, Copper Sulfate, Nitrogen},
  citation-subset = {IM},
  completed       = {2009-06-30},
  country         = {United States},
  issn-linking    = {0006-3495},
  keywords        = {Absorption; Computer Simulation; Copper, chemistry; Copper Sulfate, chemistry; Electron Spin Resonance Spectroscopy, methods; Histidine, analogs & derivatives, chemistry; Nitrogen, chemistry; Organometallic Compounds, chemistry; Prions, chemistry; Spectrum Analysis},
  nlm-id          = {0370626},
  owner           = {NLM},
  pii             = {S0006-3495(09)00509-8},
  pmc             = {PMC2718275},
  pmid            = {19383478},
  pubmodel        = {Print},
  pubstatus       = {ppublish},
  revised         = {2018-11-13},
}

@Article{Mett2008,
  author          = {Mett, Richard R and Sidabras, Jason W and Golovina, Iryna S and Hyde, James S},
  title           = {{Dielectric microwave resonators in TE(011) cavities for electron paramagnetic resonance spectroscopy.}},
  journal         = {Rev. Sci. Instrum.},
  year            = {2008},
  volume          = {79},
  issue           = {9},
  month           = sep,
  pages           = {094702},
  issn            = {1089-7623},
  doi             = {10.1063/1.2976033},
  __markedentry   = {[sidabras:6]},
  chemicals       = {Oxides, potassium tantalate oxide, Tantalum, Potassium},
  citation-subset = {IM},
  completed       = {2009-01-28},
  country         = {United States},
  issn-linking    = {0034-6748},
  keywords        = {Computer Simulation; Crystallization; Electric Impedance; Electromagnetic Fields; Electron Spin Resonance Spectroscopy, instrumentation; Equipment Design, instrumentation; Finite Element Analysis; Microwaves; Oxides, chemistry; Potassium, chemistry; Tantalum, chemistry; Temperature},
  nlm-id          = {0405571},
  owner           = {NLM},
  pmc             = {PMC2736591},
  pmid            = {19044441},
  pubmodel        = {Print},
  pubstatus       = {ppublish},
  revised         = {2018-11-13},
}

@Article{Hyde2007,
  author          = {Hyde, James S and Froncisz, Wojciech and Sidabras, Jason W and Camenisch, Theodore G and Anderson, James R and Strangeway, Robert A},
  title           = {{Microwave frequency modulation in CW EPR at W-band using a loop-gap resonator.}},
  journal         = {J. Magn. Reson},
  year            = {2007},
  volume          = {185},
  issue           = {2},
  month           = apr,
  pages           = {259--263},
  issn            = {1090-7807},
  doi             = {10.1016/j.jmr.2007.01.002},
  __markedentry   = {[sidabras:6]},
  citation-subset = {IM},
  completed       = {2007-06-27},
  country         = {United States},
  issn-linking    = {1090-7807},
  keywords        = {Electron Spin Resonance Spectroscopy, instrumentation, methods; Equipment Design; Equipment Failure Analysis; Microwaves; Reproducibility of Results; Sensitivity and Specificity; Signal Processing, Computer-Assisted, instrumentation; Telecommunications, instrumentation; Transducers},
  nlm-id          = {9707935},
  owner           = {NLM},
  pii             = {S1090-7807(07)00004-3},
  pmid            = {17267251},
  pubmodel        = {Print-Electronic},
  pubstatus       = {ppublish},
  revised         = {2016-10-19},
}

@Article{Mett2016a,
  author        = {Mett, R R and Sidabras, J W and Hyde, J S},
  title         = {{Meta-metallic coils and resonators: Methods for high Q-value resonant geometries.}},
  journal       = {Rev. Sci. Instrum.},
  year          = {2016},
  volume        = {87},
  issue         = {8},
  month         = aug,
  pages         = {084703},
  issn          = {1089-7623},
  doi           = {10.1063/1.4961573},
  __markedentry = {[sidabras:6]},
  completed     = {2018-01-29},
  country       = {United States},
  issn-linking  = {0034-6748},
  nlm-id        = {0405571},
  owner         = {NLM},
  pmc           = {PMC5010558},
  pmid          = {27587143},
  pubmodel      = {Print},
  pubstatus     = {ppublish},
  revised       = {2018-11-13},
}

@Article{Mett2011,
  author          = {Mett, R R and Sidabras, J W and Anderson, J R and Hyde, J S},
  title           = {{Hyperbolic-cosine waveguide tapers and oversize rectangular waveguide for reduced broadband insertion loss in W-band electron paramagnetic resonance spectroscopy.}},
  journal         = {Rev. Sci. Instrum.},
  year            = {2011},
  volume          = {82},
  issue           = {7},
  month           = jul,
  pages           = {074704},
  issn            = {1089-7623},
  doi             = {10.1063/1.3607432},
  __markedentry   = {[sidabras:6]},
  citation-subset = {IM},
  completed       = {2011-12-09},
  country         = {United States},
  issn-linking    = {0034-6748},
  keywords        = {Electricity; Electron Spin Resonance Spectroscopy, instrumentation, methods; Finite Element Analysis; Models, Theoretical},
  nlm-id          = {0405571},
  owner           = {NLM},
  pmc             = {PMC3155584},
  pmid            = {21806211},
  pubmodel        = {Print},
  pubstatus       = {ppublish},
  revised         = {2018-11-13},
}

@Article{Mett2009,
  author        = {Mett, R R and Sidabras, J W and Hyde, J S},
  title         = {{Coupling of Waveguide and Resonator by Inductive and Capacitive Irises for EPR Spectroscopy.}},
  journal       = {Appl. Magn. Reson.},
  year          = {2009},
  volume        = {35},
  issue         = {2},
  pages         = {285--318},
  issn          = {0937-9347},
  doi           = {10.1007/s00723-008-0162-0},
  __markedentry = {[sidabras:6]},
  country       = {Austria},
  issn-linking  = {0937-9347},
  mid           = {NIHMS105688},
  nlm-id        = {9204100},
  owner         = {NLM},
  pmc           = {PMC2690082},
  pmid          = {19498954},
  pubmodel      = {Print},
  pubstatus     = {ppublish},
  revised       = {2019-07-03},
}

@Article{mett2004radio,
  author  = {Mett, Richard R and Sidabras, Jason W and Hyde, James S},
  title   = {Radio frequency skin depth concepts in magnetic resonance},
  journal = {Curr. Top. Biophys},
  year    = {2004},
  volume  = {28},
  number  = {2},
  pages   = {117--122},
  url     = {http://ctbo.home.amu.edu.pl/issue291/v291_83.pdf},
}
